%%%%%%%%%%%%%%%%%%%%%%%%%%%%%%%%%%%%%%%%%%%%%%%%%%%%%%%%%%%%%%%%%%%%%%%
%%%
%%%  IEEE Transactions, Journals
%%%
%%%%%%%%%%%%%%%%%%%%%%%%%%%%%%%%%%%%%%%%%%%%%%%%%%%%%%%%%%%%%%%%%%%%%%%%
@string{COM={IEEE Transactions on Communications}}
@string{COMMAG={IEEE Communications Magazine}}
@string{IEEEDT={IEEE Design \& Test of Computers}}
@string{IEEEMICRO = "IEEE Micro"}
@string{IEEECOMP = "IEEE Computer"}
@string{IT={IEEE Transactions on Information Theory}}
@string{TODAES={IEEE Transactions on Design Automation for Embedded Systems}}
@string{JSAC={IEEE Journal on Selected Areas in Communications}}
@string{SC={IEEE Journal of Solid-State Circuits}}
@string{TOMACS={ACM Transactions on Modeling and Computer Simulation}}
@string{TRCAD={IEEE Transactions on Computer-Aided Design}}
@string{TRCOMP={IEEE Transactions on Computers}}
@string{TRVLSISYS={IEEE Transactions on Very Large Scale Integration
         (VLSI) Systems}}
@string{TRPLAS={IEEE Transactions on Programming Languages and Systems}}


%%%%%%%%%%%%%%%%%%%%%%%%%%%%%%%%%%%%%%%%%%%%%%%%%%%%%%%%%%%%%%%%%%%%%%%
%%%
%%%  Proceedings of Conferences
%%%
%%%%%%%%%%%%%%%%%%%%%%%%%%%%%%%%%%%%%%%%%%%%%%%%%%%%%%%%%%%%%%%%%%%%%%%%
@string{SIPS =   {Proc. of the IEEE Workshop on
                  Signal Processing Systems (SIPS)}}
@string{ASAP =   {Proc. of the Int. Conf. on
          Application Specific Systems, Architectures, and
          Processors (ASAP)}}
@string{ASPDAC = {Proc. of the Asia South Pacific Design Automation
          Conference (ASPDAC)}}
@string{APCHDL = {Proc. of the Asia Pacific Conference on Chip Design Language (APCHDL)}}
@string{ESSCIRC = {Proc. of the European Solid-State Circuits Conference (ESSCIRC)}}
@string{CODES = {Proc. of the Int. Workshop on Hardware/Software Codesign}}
@string{DAC = {Proc. of the Design Automation Conference (DAC)}}
@string{DATE = {Proc. of the Conference on Design,
         Automation \& Test in Europe (DATE)}}
@string{DSPD = {Proc. of the DSP Germany (DSPD)}}
@string{CASES = {Proc. of the Conference on Compilers, Architectures and Synthesis
         for Embedded Systems (CASES)}}
@string{EDAC = {Proc. of the European Conference on Design
         Automation (EDAC)}}
@string{EDTC = {Proc. of the European Design and Test Conference
          (ED\&TC)}}
@string{EURODAC = "Proc. of the European Design Automation
         Conference (EuroDAC)"}
@string{GLOBECOM={Proc. of the Global Telecommunications
         Conference GLOBECOM}}
@string{ICASSP = "Proc. of the Int. Conf. on
         Acoustics, Speech and Signal Processing (ICASSP)"}
@string{ICC={Proc. of the Int. Conf. on Communications (ICC)}}
@string{ICCAD={Proc. of the Int. Conf. on Computer Aided Design (ICCAD)}}
@string{ICCD={Proc. of the Int. Conf. on Computer Design (ICCD)}}
@string{ICSPAT = "Proc. of the Int. Conf. on Signal Processing Applications
          and Technology (ICSPAT)"}
@string{ISCAS = "Proc. of the IEEE Int. Symposium on
         Circuits and Systems (ISCAS)"}
@string{ISSS = {Proc. of the Int. Symposium on System Synthesis (ISSS)}}
@string{MAMOCS = {Proc. of the Int. Conf. on
          Measurement and Modeling of Computer Systems}}
@string{PIMRC = "Proc. of the Int. Conf. on Personal, Indoor, and Mobile
                 Radio Communications (PIMRC)"}
@string{PLDI = "Proc. of the Int. Conf. on Programming Language Design
          and Implementation (PLDI)"}
@string{VLSID= "Int. Conf. on VLSI Design"}
@string{VTC = "Proc. of the Int. Conf. on Vehicular Technology (VTC)"}
@string{WSVLSI = "Proc. of the IEEE Workshop on VLSI Signal Processing"}
@string{SCOPES = "Proc. of the Workshop on Software and Compilers for Embedded Systems (SCOPES)"}


%%%%%%%%%%%%%%%%%%%%%%%%%%%%%%%%%%%%%%%%%%%%%%%%%%%%%%%%%%%%%%%%%%%%
%%
%%  PEAS
%%
%%%%%%%%%%%%%%%%%%%%%%%%%%%%%%%%%%%%%%%%%%%%%%%%%%%%%%%%%%%%%%%%%%%%
@Manual{:asipmeister,
  organization =    "{ASIP Meister}",
  title =     "http://www.eda-meister.org"
}

@ARTICLE{lisa:itoh00ieice,
  author =       "M. Itoh and Y. Takeuchi and M. Imai and A. Shiomi",
  title =        "{Synthesizable HDL Generation for Pipelined Processors from a
                  Micro-Operation Description}",
  journal =      "{IEICE Transactions on Fundamentals of Electronics, Communications
                  and Computer Sciences}",
  year =         "{2000}",
  volume =       "{E83-A}",
  number =       "{3}",
  month =        "{Mar.}",
}

@InProceedings{lisa:kitajima01aspdac,
  author =       "A. Kitajima and M. Itoh and J. Sato and A. Shiomi and Y. Takeuchi and M. Imai",
  title =        "{Effectiveness of the ASIP Design System PEAS-III in Design of Pipelined Processors}",
  booktitle =    ASPDAC,
  year =         "2001",
  month =        "Jan."
}

@InProceedings{lisa:itoh00iccd,
  author =       "M. Itoh and S. Higaki and J. Sato and A. Shiomi and Y. Takeuchi and A. Kitajima and M. Imai",
  title =        "{PEAS-III: An ASIP Design Environment}",
  booktitle =    ICCD,
  year =         "2000",
  month =        "Sep."
}



@article{EmreC13,
  author    = {Yunus Emre and
               Chaitali Chakrabarti},
  title     = {Techniques for Compensating Memory Errors in {JPEG2000}},
  journal   = {{IEEE} Trans. {VLSI} Syst.},
  volume    = {21},
  number    = {1},
  pages     = {159--163},
  year      = {2013},
  url       = {http://dx.doi.org/10.1109/TVLSI.2011.2180407},
  doi       = {10.1109/TVLSI.2011.2180407},
  timestamp = {Thu, 03 Jan 2013 13:32:21 +0100},
  biburl    = {http://dblp.uni-trier.de/rec/bib/journals/tvlsi/EmreC13},
  bibsource = {dblp computer science bibliography, http://dblp.org}
}

@inproceedings{YuehCM13,
  author    = {Wen Yueh and
               Minki Cho and
               Saibal Mukhopadhyay},
  title     = {Perceptual quality preserving {SRAM} architecture for color motion
               pictures},
  booktitle = {Design, Automation and Test in Europe, {DATE} 13, Grenoble, France,
               March 18-22, 2013},
  pages     = {103--108},
  year      = {2013},
  crossref  = {DBLP:conf/date/2013},
  url       = {http://dl.acm.org/citation.cfm?id=2485315},
  timestamp = {Fri, 17 May 2013 13:57:24 +0200},
  biburl    = {http://dblp.uni-trier.de/rec/bib/conf/date/YuehCM13},
  bibsource = {dblp computer science bibliography, http://dblp.org}
}

@article{LeeKPP13,
  author    = {Insoo Lee and
               Jinmo Kwon and
               Jangwon Park and
               Jongsun Park},
  title     = {Priority Based Error Correction Code {(ECC)} for the Embedded {SRAM}
               Memories in {H.264} System},
  journal   = {Signal Processing Systems},
  volume    = {73},
  number    = {2},
  pages     = {123--136},
  year      = {2013},
  url       = {http://dx.doi.org/10.1007/s11265-013-0736-4},
  doi       = {10.1007/s11265-013-0736-4},
  timestamp = {Thu, 22 Aug 2013 13:14:48 +0200},
  biburl    = {http://dblp.uni-trier.de/rec/bib/journals/vlsisp/LeeKPP13},
  bibsource = {dblp computer science bibliography, http://dblp.org}
}



%%%%%%%%%%%%%%%%%%%%%%%%%%%%%%%%%%%%%%%%%%%%%%%%%%%%%%%%%%%%%%%%%%%%
%%
%%  ISDL: MIT
%%
%%%%%%%%%%%%%%%%%%%%%%%%%%%%%%%%%%%%%%%%%%%%%%%%%%%%%%%%%%%%%%%%%%%%
@InProceedings{lisa:hadjiyiannis97dac,
  author =  "G. Hadjiyiannis and S. Hanono and S. Devadas",
  title =   "{ISDL: An Instruction Set Description Language for Retargetability}",
  booktitle =   DAC,
  year =        "1997",
  month =       "Jun."
}

@InProceedings{lisa:hadjiyiannis99dac,
  author =  "G. Hadjiyiannis and P. Russo and S. Devadas",
  title =   "{A Methodology for Accurate Performance Evaluation in Architecture Exploration}",
  booktitle =   DAC,
  year =        "1999",
  month =       "Jun."
}

%%%%%%%%%%%%%%%%%%%%%%%%%%%%%%%%%%%%%%%%%%%%%%%%%%%%%%%%%%%%%%%%%%%%
%%
%%  Expression: Irvine
%%
%%%%%%%%%%%%%%%%%%%%%%%%%%%%%%%%%%%%%%%%%%%%%%%%%%%%%%%%%%%%%%%%%%%%
@TECHREPORT{lisa:expression98,
  author =       "P. Grun and A. Halambi and A. Khare and V. Ganesh and N. Dutt and A. Nicolau",
  title =        "{EXPRESSION: An ADL for System Level Design Exploration}",
  institution =  "{Department of Information and Computer Science, University of California, Irvine}",
  year =         "{1998}",
%  number =       "{98-29}",
  month =        "{Sep.}",
}

@InProceedings{lisa:halambi99date,
  author =  "A. Halambi and P. Grun and V. Ganesh and A. Khare and N. Dutt and A. Nicolau",
  title =   "{EXPRESSION: A Language for Architecture Exploration through Compiler/Simulator Retargetability}",
  booktitle = DATE,
  year =      "1999",
  month =     "Mar."
}

@InProceedings{lisa:mishra99vlsi,
  author =  "P. Mishra and P. Grun and N. Dutt and A. Nicolau",
  title =   "{Processor-Memory Co-Exploration driven by a Memory-Aware Architecture Description Language}",
  booktitle = VLSID,
  year =      "2001",
  month =     "Jan."
}

@InProceedings{lisa:mishra04vlsi,
  author =  "P. Mishra and A. Kejariwal and N. Dutt",
  title =   "{Synthesis-driven Exploration of Pipelined Embedded Processors}",
  booktitle = VLSID,
  year =      "2004",
  month =     "Jan."
}

%%%%%%%%%%%%%%%%%%%%%%%%%%%%%%%%%%%%%%%%%%%%%%%%%%%%%%%%%%%%%%%%%%%%
%%
%%  graph coloring
%%
%%%%%%%%%%%%%%%%%%%%%%%%%%%%%%%%%%%%%%%%%%%%%%%%%%%%%%%%%%%%%%%%%%%%
@Article{ lisa:brown,
  author  = "J.R. Brown",
  title   = {Chromatic scheduling and the chromatic number problem},
  year    = "1972",
  journal = {Management Science},
  pages   = {456-463},
  volume = "19",
}

@Article{ lisa:leighton,
  author  = "F.T. Leighton",
  title   = {A graph coloring algorithm for large scheduling problems},
  year    = "1979",
  journal = {Journal of Research of the National Bureau of Standards},
  pages   = {489-506},
  volume = "84",
}

%%%%%%%%%%%%%%%%%%%%%%%%%%%%%%%%%%%%%%%%%%%%%%%%%%%%%%%%%%%%%%%%%%%%
%%  Berlin
%%%%%%%%%%%%%%%%%%%%%%%%%%%%%%%%%%%%%%%%%%%%%%%%%%%%%%%%%%%%%%%%%%%%
@InProceedings{lisa:fauth95edtc,
  author =     "A. Fauth and J. Van Praet and M. Freericks",
  title =      "{Describing Instruction Set Processors Using nML}",
  booktitle =  EDTC,
  year =       "1995",
  month =      "Mar."
}

@InProceedings{lisa:fauth95kluwer,
  author =     "{A. Fauth}",
  title =      "{Beyond tool-Specific Machine Descriptions}",
  booktitle =  "{Code Generation for Embedded Processors}",
  year =       "1995",
  editor =     "P. Marwedel and G.  Goosens",
  publisher =  "{Kluwer Academic Publishers}"
}

@TECHREPORT{lisa:freericks93nml,
  author =       "{M. Freericks}",
  title =        "{The nML Machine Description Formalism}",
  institution =  "{Technical University of Berlin, Department of Computer Science}",
  year =         "{1993}",
  type =         "{Technical Report}"
}

@InProceedings{lisa:fauth93vlsi,
  author =     "A. Fauth and M. Freericks and A. Knoll",
  title =      "{Generation of Hardware machine Models from Instruction Set Descriptions}",
  booktitle =  WSVLSI,
  year =       "1993"
}


%%%%%%%%%%%%%%%%%%%%%%%%%%%%%%%%%%%%%%%%%%%%%%%%%%%%%%%%%%%%%%%%%%%%
%%  Indien
%%%%%%%%%%%%%%%%%%%%%%%%%%%%%%%%%%%%%%%%%%%%%%%%%%%%%%%%%%%%%%%%%%%%
@InProceedings{lisa:rajesh99vlsid,
  author =    "V. Rajesh and R. Moona",
  title =     "{Processor Modeling for Hardware Software Codesign}",
  booktitle = VLSID,
  year =      "1999",
  month =     "Jan."
}

@InProceedings{ lisa:moona00retarget,
    author      = "Rajat Moona",
    title       = "{Processor Models for Retargetable Tools}",
    booktitle   = "{IEEE} International Workshop on Rapid System Prototyping",
    year        = "2000",
}

@inproceedings{lisa:basu_simhs,
  author    = "Souvik Basu and Rajat Moona",
  title     = "{High Level Synthesis from Sim-nML Processor Models.}",
  booktitle = "VLSI Design",
  year      = "2003",
  ee        = {http://csdl.computer.org/comp/proceedings/vlsid/2003/1868/00/18680255abs.htm},
  crossref  = {conf/vlsid/2003},
  bibsource = {DBLP, http://dblp.uni-trier.de}
}
%%  pages     = {255-260},

%%%%%%%%%%%%%%%%%%%%%%%%%%%%%%%%%%%%%%%%%%%%%%%%%%%%%%%%%%%%%%%%%%%%
%%
%%  ICORE
%%
%%%%%%%%%%%%%%%%%%%%%%%%%%%%%%%%%%%%%%%%%%%%%%%%%%%%%%%%%%%%%%%%%%%%
@InProceedings{lisa:gloekler00asicsoc,
   author    = "T. Gloekler and S. Bitterlich and H. Meyr",
   title     = "{ICORE: A Low-Power Application Specific Instruction Set
                 Processor for DVB-T Acquisition and Tracking}",
   booktitle = "{Proc. of the ASIC/SOC conference}",
   year      = 2000,
   month     = "Sep."
}

%%%%%%%%%%%%%%%%%%%%%%%%%%%%%%%%%%%%%%%%%%%%%%%%%%%%%%%%%%%%%%%%%%%%
%%
%%  LISA
%%
%%%%%%%%%%%%%%%%%%%%%%%%%%%%%%%%%%%%%%%%%%%%%%%%%%%%%%%%%%%%%%%%%%%%
@Manual{lisa:manual,
  title =       "{LISA Manual}",
  author =       "{A. Hoffmann and T. Kogel and A. Nohl and G. Braun and O. Schliebusch and A. Wieferink and H. Meyr}",
  organization = "{Institute for Integrated Signal Processing Systems (ISS), RWTH Aachen}",
  year       =   "2001"
}

@InProceedings{lisa:pees99dac,
  author =  "S. Pees and A. Hoffmann and V. Zivojnovic and H. Meyr",
  title =   "{LISA - Machine Description Language for Cycle-Accurate
              Models of Programmable DSP Architectures}",
  booktitle =  DAC,
  year =       1999,
  month =      "June"
}

@InProceedings{lisa:hoffmann01iccad,
  author =  "A. Hoffmann and O. Schliebusch and A. Nohl and G. Braun and O. Wahlen and H. Meyr",
  title =   "{A Methodology for the Design of Application Specific Instruction-Set
              Processors Using the Machine Description Language LISA}",
  booktitle =   ICCAD,
  year =        "2001",
  month =       "Nov."
}

@ARTICLE{lisa:hoffmann01tcad,
  author =       "A. Hoffmann and T. Kogel and A. Nohl and G. Braun and O. Schliebusch and A. Wieferink and H. Meyr",
  title =        "{A Novel Methodology for the Design of Application Specific Instruction Set Processors (ASIP) Using a Machine Description Language}",
  journal =      TRCAD,
  year =         "{2001}",
  volume =       "{20}",
  number =       "{11}",
  pages =        "{1338--1354}",
  month =        "{Nov.}"
}

@InProceedings{schliebusch:lisa_hdlgen,
  author =  "O. Schliebusch and A. Hoffmann and A. Nohl and G. Braun and H. Meyr",
  title =   "{Architecture Implementation Using the Machine Description Language LISA}",
  booktitle =   "Proc. of the ASPDAC/VLSI Design - Bangalore, India",
  year =    "2002",
  month = "Jan."
}

@InProceedings{schliebusch:lisa_hdlir,
  author =  "{O. Schliebusch, A. Chattopadhyay, D. Kammler, R. Leupers, G. Ascheid and H. Meyr}",
  title =   "{A Framework for Automated and Optimized ASIP Implementation Supporting Multiple Hardware Description Languages}",
  booktitle =   "Proc. of the ASPDAC - Shanghai, China",
  year =    "2005",
  month = "Jan."
}

@Manual{steinert:asmd,
  author =  "M. Steinert and O. Schliebusch and O. Zerres",
  title =   "{Design Flow for Processor Development using SystemC}",
  booktitle =   "SNUG Europe Proceedings - Munich, Germany",
  year =    "2003",
  month = "Mar."
}

@Manual{lisa:schliebusch04date,
  author = "O. Schliebusch and A. Chattopadhyay and M. Steinert and G. Braun and A. Nohl and R. Leupers and G. Ascheid and H. Meyr",
  title = "{{RTL} {P}rocessor {S}ynthesis for {A}rchitecture {E}xploration and {I}mplementation}",
  booktitle = "{Proceedings of the Conference on Design, Automation \& Test in Europe (DATE) - Designers Forum}",
  year = "{2004}",
  address = "{Paris, France}",
  month = "{Feb}"
}

@Book{hoffmann:lisa_book,
  author =      "A. Hoffmann and H. Meyr and R. Leupers",
  title =       "{Architecture Exploration for Embedded Processors with LISA}",
  publisher =   "Kluwer Academic Publishers",
  year =        "2002"
}

@Manual{lisa:lisatek_web,
  organization = "{CoWare/LISATek}",
  title =        "http://www.coware.com"

}
@inproceedings{schliebusch_opt_rsp,
    author = "{O. Schliebusch, A. Chattopadhyay, E. M. Witte, D. Kammler, G. Ascheid, R. Leupers and H. Meyr}",
    title = "{Optimization Techniques for ADL-Driven RTL Processor Synthesis}",
    booktitle = "{RSP '05: Proceedings of the 16th IEEE International Workshop on Rapid System Prototyping (RSP'05)}",
    year = {2005},
    isbn = {0-7695-2361-7},
    pages = {165--171},
    doi = {http://dx.doi.org/10.1109/RSP.2005.36},
    publisher = {IEEE Computer Society},
    address = {Washington, DC, USA},
}

@inproceedings{witte_opt_iccd,
    author = "{E. M. Witte, A. Chattopadhyay, O. Schliebusch, D. Kammler, G. Ascheid, R. Leupers and H. Meyr}",
    title = "{Applying Resource Sharing Algorithms to ADL-driven Automatic ASIP Implementation}",
    booktitle = "{ICCD '05: Proceedings of the 2005 International Conference on Computer Design}",
    year = {2005},
    isbn = {0-7695-2451-6},
    pages = {193--199},
    doi = {http://dx.doi.org/10.1109/ICCD.2005.25},
    publisher = {IEEE Computer Society},
    address = {Washington, DC, USA},
}

@inproceedings{lisa_operand_isolation,
    author = "{A. Chattopadhyay, B. Geukes, D. Kammler, E. M. Witte, O. Schliebusch, H. Ishebabi, R. Leupers, G. Ascheid and H. Meyr}",
    title = "{Automatic ADL-based Operand Isolation for Embedded Processors}",
    booktitle = "{DATE '06: Proceedings of the conference on Design, Automation and Test in Europe}",
    year = {2006},
    isbn = {3-9810801-0-6},
    pages = {600--605},
    location = {Munich, Germany},
    publisher = {European Design and Automation Association},
    address = {3001 Leuven, Belgium, Belgium}
}

@INPROCEEDINGS{lisa_clock_gating,
  author = "{A. Chattopadhyay, D. Kammler, E. M. Witte, O. Schliebusch, H. Ishebabi, B. Geukes, R. Leupers, G. Ascheid and H. Meyr}",
  title = "{Automatic Low Power Optimizations during ADL-driven ASIP Design}",
  booktitle = "{IEEE International Symposium on VLSI Design, Automation and Test (VLSI-DAT)}",
  year = "{2006}",
  address = "{Hsinchu, Taiwan}",
  month = "{April}"
}

@INPROCEEDINGS{ora_rna,
  author = "{A. Chattopadhyay, D. Zhang, D. Kammler, E. M. Witte, R. Leupers, G. Ascheid and H. Meyr}",
  title = "{Power-efficient Instruction Encoding Optimization for Embedded Processors}",
  booktitle = "{Proceedings of VLSI Design Conference 2007}",
  year = "{2007}",
  address = "{Bangalore, India}",
  month = "{Jan}"
}

@INPROCEEDINGS{lisa:sinha_testgen,
  author = "{A. Chattopadhyay, A. Sinha, D. Zhang, R. Leupers, G. Ascheid and H. Meyr}",
  title = "{Integrated Verification Approach during ADL-driven Processor Design}",
  booktitle = "{IEEE International Workshop on Rapid System Prototyping (RSP)}",
  year = "{2006}",
  address = "{Chania, Crete}",
  month = "{June}"
}

@article{lisa:sinha_coverage,
 author = "{A. Chattopadhyay, A. Sinha, D. Zhang, R. Leupers, G. Ascheid and H. Meyr}",
 title = "{Integrated verification approach during ADL-driven processor design}",
 journal = {Microelectronics Journal},
 volume = {40},
 number = {7},
 year = {2009},
 issn = {0026-2692},
 pages = {1111--1123},
 doi = {http://dx.doi.org/10.1016/j.mejo.2008.05.009},
 publisher = {Elsevier Science Publishers B. V.},
 address = {Amsterdam, The Netherlands, The Netherlands}
}


%%%%%%%%%%%%%%%%%%%%%%%%%%%%%%%%%%%%%%%%%%%%%%%%%%%%%%%%%%%%%%%%%%%%
%%
%%  LISA student work
%%
%%%%%%%%%%%%%%%%%%%%%%%%%%%%%%%%%%%%%%%%%%%%%%%%%%%%%%%%%%%%%%%%%%%%
@MASTERSTHESIS{lisa:schliebusch00master,
  author =       "O. Schliebusch",
  title =        "{Automatic Synthesis of Pipeline Structures and Instruction
                  Decoder from Abstract Machine Descriptions}",
  school =       "{Integrated Signal Processing Systems, RWTH Aachen}",
  year =         "{2000}",
  month =        "{Nov.}",
  note =         "{Advisor: A. Hoffmann}"
}

%%%%%%%%%%%%%%%%%%%%%%%%%%%%%%%%%%%%%%%%%%%%%%%%%%%%%%%%%%%%%%%%%%%%
%%
%%  Tensilica: Xtensa
%%
%%%%%%%%%%%%%%%%%%%%%%%%%%%%%%%%%%%%%%%%%%%%%%%%%%%%%%%%%%%%%%%%%%%%
@ARTICLE{lisa:gonzales00micro,
  author =   "R. Gonzales",
  title =    "{Xtensa: A configurable and extensible processor}",
  journal =  IEEEMICRO,
  year =     "{2000}",
  month =    "{Mar.}"
}

@Manual{lisa:tensilica01web,
  organization = "{Tensilica}",
  title =        "http://www.tensilica.com"
}

%%%%%%%%%%%%%%%%%%%%%%%%%%%%%%%%%%%%%%%%%%%%%%%%%%%%%%%%%%%%%%%%%%%%
%%
%%  Commercial stuff: SNPS, Cadence, etc.
%%
%%%%%%%%%%%%%%%%%%%%%%%%%%%%%%%%%%%%%%%%%%%%%%%%%%%%%%%%%%%%%%%%%%%%
@Manual{lisa:designware,
  organization = "{Synopsys}",
  title =        "DesignWare Components\\
                  http://www.synopsys.com/products/designware/designware.html"
}

@Manual{lisa:snps,
  organization = "{Synopsys}",
  title =        "Processor Designer\\
                  http://www.synopsys.com/Systems/BlockDesign/processorDev"
}

@Manual{faraday,
  organization = "{Faraday}",
  title =        "UMC Free Library 90 nm Process\\
                  http://freelibrary.faraday-tech.com/"
}

@Manual{lisa:cosy,
  organization = "{The ACE Companies}",
  title =        "CoSy Compiler Development System\\
                  www.ace.nl/compiler/cosy.html"
}

@Manual{lisa:c_compiler,
  organization = "{Processor Designer: C Compiler Reference Manual 2013.06}",
}

@Manual{lisa:physicalcompiler,
  organization = "{Synopsys}",
  year =         "2001",
  title =        "Physical Compiler\\
                  http://www.synopsys.com/products/unified\_synthesis/unified\_synthesis.html"
}

@Manual{lisa:motorola,
  organization = "{Motorola}",
  title =        "68HC11: Microcontroller\\
                  http://www.motorola.com"
}

@Manual{lisa:m68gnu,
  organization = "{GNU}",
  title =        "GNU Development Chain for 68HC11\\
                  http://www.gnu-m68hc11.org/"
}

@Manual{lisa:designcompiler,
  organization = "{Synopsys}",
  title =        "Design Compiler\\
                  http://www.synopsys.com/products/logic/design\_compiler.html"
}

@Manual{lisa:primepower,
  organization = "{Synopsys}",
  title =        "Prime Power\\
                  http://www.synopsys.com/products/power/primepower\_ds.pdf"
}

@Manual{lisa:target01web,
  organization = "{Target Compiler Technologies}",
  title =        "http://www.target.com"
}

@Manual{lisa:stretchweb,
  organization = "{Stretch}",
  title =        "http://www.stretchinc.com"
}

@TECHREPORT{lisa:bashford94mimola,
  author =       "S. Bashford and U. Bieker and B. Harking and R. Leupers and
                  P. Marwedel and A. Neumann and D. Voggenauer",
  title =        "{The MIMOLA Language, Version 4.1}",
  institution =  "{Department of Computer Science 12, Embedded System Design
                  and Didactics of Computer Science}",
  year =         "{1994}",
  type =         "{Reference Manual}"
}

%%%%%%%%%%%%%%%%%%%%%%%%%%%%%%%%%%%%%%%%%%%%%%%%%%%%%%%%%%%%%%%%%%%%%%%%%%%%
%%
%%  General stuff
%%
%%%%%%%%%%%%%%%%%%%%%%%%%%%%%%%%%%%%%%%%%%%%%%%%%%%%%%%%%%%%%%%%%%%%%%%%%%%%
@InProceedings{lisa:jain01vlsiconf,
  author =  "M.K. Jain and M. Balakrishnan and A. Kumar",
  title =   "{ASIP Design Methodologies: Survey and Issues}",
  booktitle = VLSID,
  year =      2001,
  month =     "{Jan.}"
}

@inproceedings{misc:glokler-power,
  author = "Tilman Gloekler and Stefan Bitterlich",
  title = "Power {E}fficient {S}emi-{A}utomatic {I}nstruction {E}ncoding for {A}pplication {S}pecific
    {I}nstruction {S}et {P}rocessors",
  booktitle = ICASSP,
  year = 2001,
  month = {May},
  url = "citeseer.nj.nec.com/glokler01power.html"
}

@MastersThesis{schliebu,
  author =   {Schliebusch, Oliver},
  title =    {{A}utomatic {S}ynthesis of
                {P}ipeline {S}tructures and
                {I}nstruction {D}ecoder from
                {A}bstract {M}achine {D}escriptions},
  school =   {RWTH Aachen},
  year =     {2000},
  month =    {November},
  note =     {diploma thesis D423},
}

@MANUAL{lisaman,
  title =        {LISA 2.0 Language - Reference Manual},
  organization = {LISATek, Inc.},
  address =      {Menlo Park, CA 94025},
  year =         {2002},
  month =        {July}
}

@MANUAL{dcrm,
  title =        {Design Compiler Reference Manual: Constraints and Timing (Version 2001.08)},
  organization = {Synopsys, Inc.},
  year =         {2001},
}

@MANUAL{dwlib3,
  title =        {DesignWare Foundation Library Databook, Volume 3, January 2002 EST Release},
  organization = {Synopsys, Inc.},
  year =         {2002},
  month =        {January}
}

%%%%%%%%%%%%%%%%%%%%%%%%%%%%%%%%%%%%%%%%%%%%%%%%%%%%%%%%%%%%%%%%%%%%%%%%%%%%
%%
%%  Resource Sharing
%%
%%%%%%%%%%%%%%%%%%%%%%%%%%%%%%%%%%%%%%%%%%%%%%%%%%%%%%%%%%%%%%%%%%%%%%%%%%%%

@inproceedings{layout-driven-synthesis,
 author = "J. Um and J. Kim and T. Kim",
 title = {Layout-driven resource sharing in high-level synthesis},
 booktitle = {Proceedings of the 2002 IEEE/ACM international conference on Computer-aided design},
 year = {2002},
 isbn = {0-7803-7607-2},
 pages = {614--618},
 location = {San Jose, California},
 doi = {http://doi.acm.org/10.1145/774572.774663},
 publisher = {ACM Press},
 }

@inproceedings{falseloops-stok,
 author = "L. Stok",
 title = {False loops through resource sharing},
 booktitle = {Proceedings of the 1992 IEEE/ACM international conference on Computer-aided design},
 year = {1992},
 isbn = {0-89791-540-2},
 pages = {345--348},
 location = {Santa Clara, California, United States},
 publisher = {IEEE Computer Society Press},
}

@misc{ nourani-avoiding,
  author = "M. Nourani and C. Papachristou",
  title = "Avoiding False Paths Caused by Resource Binding in RTL Delay Analysis",
  url = "citeseer.ist.psu.edu/424843.html"
}

@article{false-loops-control-path,
 author = "A. Su and Y. Hsu and T. Liu and M. T. Lee",
 title = {Eliminating false loops caused by sharing in control path},
 journal = {ACM Trans. Des. Autom. Electron. Syst.},
 volume = {3},
 number = {3},
 year = {1998},
 issn = {1084-4309},
 pages = {487--495},
 doi = {http://doi.acm.org/10.1145/293625.293635},
 publisher = {ACM Press},
}

@BOOK{arey-johnson,
  title =        {Computers and Intractability: A Guide to the Theory of NP-Completeness},
  author =       {M. R. Garey and D. S. Johnson},
  publisher =    {W.H. Freeman and Company},
  year =         {1979},
}

@Article{ pearson,
  author  = "D. Pearson and V. Vazirani",
  title   = {Efficient Sequential and Parallel Algorithms for Maximal Bipartite Sets},
  year    = "1993",
  month   = "March",
  journal = {Journal of Algorithms},
  pages   = {171-179},
  volume = "14",
  number = "2"
}

@Article{brisk04,
  author = "P. Brisk and A. Kaplan and M. Sarrafzadeh",
  title  = "Area-Efficient Instruction Set Synthesis for Reconfigurable System-on-Chip Designs",
  year   = "2004",
  month  = "June",
  journal = "DAC 2004",
}


@Book{synthesis-optimizations,
  author    = "G. D. Micheli",
  title     = "Synthesis and Optimization of Digital Circuits",
  note      = "ISBN: 0070163332",
  publisher = "McGraw-Hill",
  edition   = 1st,
  year      = 1994,
  month     = "January"
}


@article{ bhattacharya98effects,
    author = "S. Bhattacharya and S. Dey and F. Breglez",
    title = "Effects of resource sharing on circuit delay: an assignment algorithm for clock period optimization",
    journal = "ACM Transactions on Design Automation of Electronic Systems.",
    volume = "3",
    number = "2",
    pages = "285--307",
    year = "1998",
    url = "citeseer.ist.psu.edu/bhattacharya94effect.html"
}

@article{ bergamaschi97,
  author  = "S. Raje and R. A. Bergamaschi",
  title   = "Generalized Resource Sharing",
  journal = "International Conference on Computer Aided Design",
  year    = 1997,
  url     = "http://www.sigda.org/Archives/ProceedingArchives/Iccad/Iccad97/papers/1997/iccad97/pdffiles/06b_2.pdf"
}

@inproceedings{lisa:bergamaschi_bng,
  author    = "R. A. Bergamaschi",
  title     = {Behavioral Network Graph: Unifying the Domains of High-Level
               and Logic Synthesis.},
  booktitle = {DAC},
  year      = {1999},
  pages     = {213-218},
  ee        = {http://doi.acm.org/10.1145/309847.309916},
  bibsource = {DBLP, http://dblp.uni-trier.de}
}

@inproceedings{ andersen97boolean,
    author = "Andersen and Hulgaard",
    title = "Boolean Expression Diagrams",
    booktitle = "{LICS}: {IEEE} Symposium on Logic in Computer Science",
    year = "1997",
    url = "citeseer.ist.psu.edu/article/andersen97boolean.html"
}

@misc{ hulgaard99equivalence,
  author = "H. Hulgaard and P. Williams and H. Andersen",
  title = "Equivalence checking of combinational circuits using boolean expression diagrams",
  text = "H. Hulgaard, P. F. Williams, and H. R. Andersen. Equivalence checking of
    combinational circuits using boolean expression diagrams. IEEE Transactions
    of Computer-Aided Design, 18(7), July 1999.",
  year = "1999",
  url = "citeseer.ist.psu.edu/hulgaard99equivalence.html"
}

@article{emucs,
  author = "C. Y. Hitchcock and D. E. Thomas",
  title  = "A method of automatic data path synthesis",
  year   = "1983",
  journal = "Proceedings of the 20th conference on Design automation",
  pages = "484-489",
}

@article{tseng,
  author = "C. J. Tseng and D. P. Siewiorek",
  title  = "Automated synthesis of data paths in digital systems",
  month  = "July",
  year   = "1986",
  journal = "IEEE Transactions on Computer-Aided Design",
  pages = "379-395",
}

@article{bringmann,
  author = "O. Bringmann and W. Rosenstiel",
  title  = "Resource sharing in hierarchical synthesis",
  year   = "1997",
  journal = "International conference on Computer-aided design",
  pages = "318-325",
}

@article{bergamaschi92,
  author = "R. A. Bergamaschi and R. Camposano and M. Payer",
  title  = "Allocation algorithms based on path analysis",
  year   = "1992",
  journal = "Integration, the VLSI Journal",
  pages = "283 - 299",
}

@inproceedings{catthoor,
  author = "W. Geurts and F. Catthoor and H. de Man",
  title = "Quadratic zero-one programming based synthesis of application specific data paths",
  booktitle = "Proceedings of the 1993 IEEE/ACM international conference on Computer-aided design",
  year = "1993",
  isbn = "0-8186-4490-7",
  pages = "522-525",
  location = "Santa Clara, California, United States",
  publisher = "IEEE Computer Society Press",
 }

%%%%%%%%%%%%%%%%%%%%%%%%%%%%%%%%%%%%%%%%%%%%%%%%%%%%%%%%%%%%%%%%%%%%%%%%%%%%
%%
%%  Reconfigurability
%%
%%%%%%%%%%%%%%%%%%%%%%%%%%%%%%%%%%%%%%%%%%%%%%%%%%%%%%%%%%%%%%%%%%%%%%%%%%%%

@Book{splash,
  author =      "Duncan A. Buell, Jeffrey M. Arnold, and Walter J. Kleinfelder",
  title =       "{Splash 2: FPGAs in a Custom Computing Machine}",
  publisher =   "IEEE Computer Society Press",
  year =        "1996"
}

@article{prism1,
    author = "Peter M. Athanas and Harvey F. Silverman",
    title = "Processor Reconfiguration Through Instruction-Set Metamorphosis",
    journal = "IEEE Computer",
    volume = "26",
    number = "3",
    pages = "11-18",
    year = "1993",
    url = "citeseer.ist.psu.edu/athanas93processor.html"
}

@inproceedings{prism2,
    author = "M. Wazlowski and L. Agarwal and T. Lee and A. Smith and E. Lam and P. Athanas and H. Silverman and S. Ghosh",
    title = "{PRISM-{II}} Compiler and Architecture",
    booktitle = "{IEEE} Workshop on {FPGA}s for Custom Computing Machines",
    publisher = "{IEEE} Computer Society Press",
    address = "Los Alamitos, CA",
    editor = "Duncan A. Buell and Kenneth L. Pocek",
    pages = "9--16",
    year = "1993",
    url = "citeseer.ist.psu.edu/wazlowski93prismii.html"
}

@inproceedings{nanoprocessor,
    author = "Michael J. Wirthlin and Brad L. Hutchings and Kent L. Gilson",
    title = "The Nano Processor: {A} Low Resource Reconfigurable Processor",
    booktitle = "{IEEE} Workshop on {FPGA}s for Custom Computing Machines",
    publisher = "{IEEE} Computer Society Press",
    address = "Los Alamitos, CA",
    editor = "Duncan A. Buell and Kenneth L. Pocek",
    pages = "23--30",
    year = "1994",
    url = "citeseer.ist.psu.edu/wirthlin94nano.html"
}

@inproceedings{prisc,
    author = "R. Razdan and M. D. Smith",
    title = "A High-Performance Microarchitecture with Hardware-Programmable Functional Units",
    booktitle = "Proceedings of the 27th Annual International Symposium on Microarchitecture",
    pages = "172--80",
    year = "1994",
    url = "citeseer.ist.psu.edu/razdan94highperformance.html"
}

@inproceedings{disc,
 author = {M. J. Wirthlin},
 title = {A dynamic instruction set computer},
 booktitle = {Proceedings of the IEEE Symposium on FPGA's for Custom Computing Machines},
 year = {1995},
 isbn = {0-8186-7086-X},
 pages = {99},
 publisher = {IEEE Computer Society},
}

@inproceedings{onechip,
    author = "R. Wittig and P. Chow",
    title = "{O}ne{C}hip: An {FPGA} Processor with Reconfigurable Logic",
    booktitle = "{IEEE} Symposium on {FPGA}s for Custom Computing Machines",
    publisher = "{IEEE} Computer Society Press",
    address = "Los Alamitos, CA",
    editor = "Kenneth L. Pocek and Jeffrey Arnold",
    pages = "126--135",
    year = "1996",
    url = "citeseer.ist.psu.edu/wittig95onechip.html"
}


@inproceedings{onechip98,
 author = {Jeffrey A. Jacob and Paul Chow},
 title = {Memory interfacing and instruction specification for reconfigurable processors},
 booktitle = {Proceedings of the 1999 ACM/SIGDA seventh international symposium on Field programmable gate arrays},
 year = {1999},
 isbn = {1-58113-088-0},
 pages = {145--154},
 location = {Monterey, California, United States},
 doi = {http://doi.acm.org/10.1145/296399.296446},
 publisher = {ACM Press}
}

@inproceedings{garp,
 author = {J. R. Hauser and J. Wawrzynek},
 title = {Garp: a MIPS processor with a reconfigurable coprocessor},
 booktitle = {Proceedings of the 5th IEEE Symposium on FPGA-Based Custom Computing Machines (FCCM '97)},
 year = {1997},
 isbn = {0-8186-8159-4},
 pages = {12},
 publisher = {IEEE Computer Society},
 }

@article{chimaera,
 author = {Scott Hauck and Thomas W. Fry and Matthew M. Hosler and Jeffrey P. Kao},
 title = {The chimaera reconfigurable functional unit},
 journal = {IEEE Trans. Very Large Scale Integr. Syst.},
 volume = {12},
 number = {2},
 year = {2004},
 issn = {1063-8210},
 pages = {206--217},
 doi = {http://dx.doi.org/10.1109/TVLSI.2003.821545},
 publisher = {IEEE Educational Activities Department},
 }

@inproceedings{napa,
 author = {C. R. Rupp and M. Landguth and T. Garverick and E. Gomersall and H. Holt and J. M. Arnold and M. Gokhale},
 title = {The NAPA Adaptive Processing Architecture},
 booktitle = {Proceedings of the IEEE Symposium on FPGAs for Custom Computing Machines},
 year = {1998},
 isbn = {0-8186-8900-5},
 pages = {28},
 publisher = {IEEE Computer Society},
 }

@inproceedings{remarc,
 author = {Takashi Miyamori and Kunle Olukotun},
 title = {REMARC (abstract): reconfigurable multimedia array coprocessor},
 booktitle = {Proceedings of the 1998 ACM/SIGDA sixth international symposium on Field programmable gate arrays},
 year = {1998},
 isbn = {0-89791-978-5},
 pages = {261},
 location = {Monterey, California, United States},
 doi = {http://doi.acm.org/10.1145/275107.275164},
 publisher = {ACM Press},
 }

@inproceedings{piperench,
    author = "Seth Copen Goldstein and Herman Schmit and Matthew Moe and Mihai Budiu and Srihari Cadambi and R. Reed Taylor and Ronald Laufer",
    title = "PipeRench: A Coprocessor for Streaming multimedia Acceleration",
    booktitle = "{ISCA}",
    pages = "28-39",
    year = "1999",
    url = "citeseer.ist.psu.edu/goldstein99piperench.html"
}

@article{pleiades,
 author = {Marlene Wan and Hui Zhang and Varghese George and Martin Benes and Arthur Abnous and Vandana Prabhu and Jan Rabaey},
 title = {Design Methodology of a Low-Energy Reconfigurable Single-Chip DSP System},
 journal = {J. VLSI Signal Process. Syst.},
 volume = {28},
 number = {1-2},
 year = {2001},
 issn = {0922-5773},
 pages = {47--61},
 publisher = {Kluwer Academic Publishers},
 }

@inproceedings{hybrid,
 author = {Paul Graham and Brent E. Nelson},
 title = {Reconfigurable Processors for High-Performance, Embedded Digital Signal Processing},
 booktitle = {Proceedings of the 9th International Workshop on Field-Programmable Logic and Applications},
 year = {1999},
 isbn = {3-540-66457-2},
 pages = {1--10},
 publisher = {Springer-Verlag},
 }


@inproceedings{rapid,
 author = {Carl Ebeling and Darren C. Cronquist and Paul Franklin},
 title = {RaPiD - Reconfigurable Pipelined Datapath},
 booktitle = {Proceedings of the 6th International Workshop on Field-Programmable Logic, Smart Applications, New Paradigms and Compilers},
 year = {1996},
 isbn = {3-540-61730-2},
 pages = {126--135},
 publisher = {Springer-Verlag},
 }

@article{ofdm_rapid,
 author = {Carl Ebeling and Chris Fisher and Guanbin Xing and Manyuan Shen and Hui Liu},
 title = {Implementing an OFDM Receiver on the RaPiD Reconfigurable Architecture},
 journal = {IEEE Trans. Comput.},
 volume = {53},
 number = {11},
 year = {2004},
 issn = {0018-9340},
 pages = {1436--1448},
 doi = {http://dx.doi.org/10.1109/TC.2004.98},
 publisher = {IEEE Computer Society},
 }

@article{barat_overall,
 author = {Francisco Barat and Rudy Lauwereins and Geert Deconinck},
 title = {Reconfigurable Instruction Set Processors from a Hardware/Software Perspective},
 journal = {IEEE Trans. Softw. Eng.},
 volume = {28},
 number = {9},
 year = {2002},
 issn = {0098-5589},
 pages = {847--862},
 doi = {http://dx.doi.org/10.1109/TSE.2002.1033225},
 publisher = {IEEE Press},
 }

@inproceedings{huang_malik_dynamic_recon_overhead,
 author = {Z. Huang and S. Malik},
 title = {Managing dynamic reconfiguration overhead in systems-on-a-chip design using reconfigurable datapaths and optimized interconnection networks},
 booktitle = {Proceedings of the conference on Design, automation and test in Europe},
 year = {2001},
 isbn = {0-7695-0993-2},
 pages = {735},
 location = {Munich, Germany},
 publisher = {IEEE Press},
 }

@inproceedings{bringmann_high_level_fpga_synthesis,
 author = {Oliver Bringmann and Carsten Menn and Wolfgang Rosenstiel},
 title = {Target architecture oriented high-level synthesis for multi-FPGA based emulation},
 booktitle = {Proceedings of the conference on Design, automation and test in Europe},
 year = {2000},
 isbn = {1-58113-244-1},
 pages = {326--332},
 location = {Paris, France},
 doi = {http://doi.acm.org/10.1145/343647.343790},
 publisher = {ACM Press},
}

@inproceedings{li_hw_sw_codesign,
 author = {Yanbing Li and Tim Callahan and Ervan Darnell and Randolph Harr and Uday Kurkure and Jon Stockwood},
 title = {Hardware-software co-design of embedded reconfigurable architectures},
 booktitle = {Proceedings of the 37th conference on Design automation},
 year = {2000},
 isbn = {1-58113-187-9},
 pages = {507--512},
 location = {Los Angeles, California, United States},
 doi = {http://doi.acm.org/10.1145/337292.337559},
 publisher = {ACM Press},
}

@inproceedings{kressarray_xplorer,
 author = {Reiner Hartenstein and Michael Herz and Thomas Hoffmann and Ulrich Nageldinger},
 title = {KressArray Xplorer: a new CAD environment to optimize reconfigurable datapath array},
 booktitle = {Proceedings of the 2000 conference on Asia South Pacific design automation},
 year = {2000},
 isbn = {0-7803-5974-7},
 pages = {163--168},
 location = {Yokohama, Japan},
 doi = {http://doi.acm.org/10.1145/368434.368597},
 publisher = {ACM Press},
}

@article{fpga_density_advantage,
    author = "{A. DeHon}",
    title = "{The Density Advantage of Configurable Computing}",
    journal = "{Computer}",
    volume = {33},
    number = {4},
    year = {2000},
    issn = {0018-9162},
    pages = {41--49},
    doi = {http://dx.doi.org/10.1109/2.839320},
    publisher = {IEEE Computer Society Press},
    address = {Los Alamitos, CA, USA}
}

@article{adres,
    author = "{B. Mei, A. Lambrechts, D. Verkest, J. Mignolet and R. Lauwereins}",
    title = "{Architecture Exploration for a Reconfigurable Architecture Template}",
    journal = {IEEE Design and Test},
    volume = {22},
    number = {2},
    year = {2005},
    issn = {0740-7475},
    pages = {90--101},
    doi = {http://dx.doi.org/10.1109/MDT.2005.27},
    publisher = {IEEE Computer Society Press}
}

@InProceedings{adres_design_methodology,
    author = "{B. Mei, S. Vernalde, D. Verkest and R. Lauwereins}",
    title = "{Design Methodology for a Tightly Coupled VLIW/Reconfigurable Matrix Architecture: A Case Study}",
    booktitle = {DATE 2004: Proceedings of the conference on Design, automation and test in Europe},
    year = {2004}
}

@Manual{fpoa_mathstar_web,
  organization = "{MathStar}",
  title =        "http://www.mathstar.com/"
}

@InProceedings{xirisc_iss,
    author = "{C. Mucci, F. Campi, A. Deledda, A. Fazzi, M. Ferri, M. Bocchi}",
    title = "{A Cycle-Accurate ISS for a Dynamically Reconfigurable Processor Architecture}",
    booktitle = {Proceedings of the 19th IEEE International Parallel and Distributed Processing Symposium (IPDPS'05)},
    year = {2005}
}

@INPROCEEDINGS{rasip_date07,
  author = "{A. Chattopadhyay, W. Ahmed, K. Karuri, D. Kammler, R. Leupers, G. Ascheid and H. Meyr}",
  title = "{Design Space Exploration of Partially Re-configurable Embedded Processors}",
  booktitle = "{Proceedings of the conference on Design, Automation and Test in Europe}",
  year = "{2007}",
  address = "{Nice, France}",
  month = "{April}"
}

@INPROCEEDINGS{rasip_gspx,
  author = "{A. Chattopadhyay, D. Kammler, D. Zhang, G. Ascheid, R. Leupers and H. Meyr}",
  title = "{Specification-driven Exploration and Implementation of Partially Re-configurable Processors}",
  booktitle = "{GSPx}",
  year = "{2006}",
  address = "{Santa Clara, California, USA}",
  month = "{October-November}"
}

@INPROCEEDINGS{rasip_date08,
  author = "{A. Chattopadhyay, X. Chen, H. Ishebabi, R. Leupers, G. Ascheid and H. Meyr}",
  title = "{High-level Modelling and Exploration of Coarse-grained Re-configurable Architectures}",
  booktitle = "{Proceedings of the conference on Design, Automation and Test in Europe}",
  year = "{2008}",
  address = "{Munich, Germany}",
  month = "{March}"
}

@ARTICLE{rasip_trimedia,
  author = "{A. Chattopadhyay, H. Ishebabi, X. Chen, Z. Rakosi, K. Karuri, D. Kammler, R. Leupers, G. Ascheid and H. Meyr}",
  title = "{Prefabrication and Postfabrication Architecture Exploration for Partially Reconfigurable VLIW Processors}",
  journal = "{ACM Transactions on Embedded Computing Systems}",
  year = "{2008}",
  volume = "{7}",
  number = "{4}",
  pages = "{Art. 40, 1-31}",
  month = "{July}"
}

@article{xirisc,
    author = "{A. Lodi, M. Toma, F. Campi, A. Cappelli, R. Canegallo and R. Guerrieri}",
    title = "{A VLIW Processor with Reconfigurable Instruction Set for Embedded Applications}",
    journal = "{IEEE Journal of Solid-State Circuits}",
    volume = {38},
    number = {11},
    year = {2003},
    issn = {0018-9200},
    pages = {1876--1886},
    doi = {http://dx.doi.org/10.1109/JSSC.2003.818292},
    publisher = {IEEE Press}
}

@inproceedings{eecs_reconfig,
    author = "{T. von Sydow, M. Korb, B. Neumann, H. Blume and T. G. Noll}",
    title = "{Modelling and Quantitative Analysis of Coupling Mechanisms of Programmable Processor Cores and Arithmetic Oriented eFPGA Macros}",
    booktitle = {Proceedings of the IEEE International Conference on Reconfigurable Computing and FPGA's, ReConFig 2006},
    year = {2006},
    isbn = {1-4244-0690-0},
    pages = {1--10},
    doi = {http://doi.ieeecomputersociety.org/10.1109/RECONF.2006.307777}
}

@INPROCEEDINGS{kk_date_ise_syn,
  author = "{R. Leupers, K. Karuri, S. Kraemer and M. Pandey}",
  title = "{A Design Flow for Configurable Embedded Processors based on Optimized Instruction Set Extension Synthesis}",
  booktitle = "{Design, Automation  \&  Test in Europe (DATE)}",
  year = "{2006}",
  address = "{Munich, Germany}",
  month = "{March}"
}

@inproceedings{smac,
    author = "{J. Y. Lin, D. Chen and J. Cong}",
    title = "{Optimal Simultaneous Mapping and Clustering for FPGA Delay Optimization}",
    booktitle = "{DAC '06: Proceedings of the 43rd annual conference on Design automation}",
    year = {2006},
    isbn = {1-59593-381-6},
    pages = {472--477},
    location = {San Francisco, CA, USA},
    doi = {http://doi.acm.org/10.1145/1146909.1147035},
    publisher = {ACM Press},
    address = {New York, NY, USA},
}

@inproceedings{placement_np_hard,
    author = "{S. Sahni and A. Bhatt}",
    title = "{The Complexity of Design Automation Problems}",
    booktitle = "{DAC '80: Proceedings of the 17th Conference on Design Automation}",
    year = {1980},
    isbn = {0-89791-020-6},
    pages = {402--411},
    location = {Minneapolis, Minnesota, United States},
    doi = {http://doi.acm.org/10.1145/800139.804562},
    publisher = {ACM Press},
    address = {New York, NY, USA}
}

@inproceedings{sa_pr_independence,
    author = "{A. Sharma, C. Ebeling and S. Hauck}",
    title = "{Architecture Adaptive Routability-Driven Placement for FPGAs}",
    booktitle = "{FPGA '05: Proceedings of the 2005 ACM/SIGDA 13th International Symposium on Field-programmable Gate Arrays}",
    year = {2005},
    isbn = {1-59593-029-9},
    pages = {266--266},
    location = {Monterey, California, USA},
    doi = {http://doi.acm.org/10.1145/1046192.1046235},
    publisher = {ACM Press},
    address = {New York, NY, USA},
}

%%%%%%%%%%%%%%%%%%%%%%%%%%%%%%%%%%%%%%%%%%%%%%%%%%%%%%%%%%%%%%%%%%%%%%%%%%%%
%%
%%  Reliability
%%
%%%%%%%%%%%%%%%%%%%%%%%%%%%%%%%%%%%%%%%%%%%%%%%%%%%%%%%%%%%%%%%%%%%%%%%%%%%%

@article{avizienis2004basic,
  title={{Basic concepts and taxonomy of dependable and secure computing}},
  author={Avi{\v{z}}ienis, A. and Laprie, J.C. and Randell, B. and Landwehr, C.},
  journal={IEEE transactions on dependable and secure computing},
  pages={11--33},
  year={2004},
  publisher={IEEE Computer Society}
}

@Book{pklala:selfchecking_digital_design,
  author =      "Parag K. Lala",
  title =       "{Self-checking and Fault-tolerant Digital Design}",
  publisher =   "Morgan Kauffman",
  year =        "2000"
}

@Article{ibm:ramp,
  author  = "J. Srinivasan, S. V. Adve, P. Bose, J. Rivers, and C. K. Hu",
  title   = "{RAMP: A model for reliability aware microprocessor design}",
  year    = "2003",
  journal = {IBM Research Report}
}

@article{stathis2006negative,
  title={{The negative bias temperature instability in MOS devices: A review}},
  author={Stathis, JH and Zafar, S.},
  journal={Microelectronics Reliability},
  volume={46},
  number={2-4},
  pages={270--286},
  year={2006},
  publisher={Elsevier}
}

@article{schroder2007negative,
  title={{Negative bias temperature instability: What do we understand?}},
  author={Schroder, D.K.},
  journal={Microelectronics reliability},
  volume={47},
  number={6},
  pages={841--852},
  year={2007},
  publisher={Elsevier}
}

@Article{schroder2003negative,
  author=   {Schroder, D.K. and Babcock, J.A.},
  title =    {Negative bias temperature instability: Road to cross in deep submicron silicon semiconductor manufacturing},
  journal =      {Journal of Applied Physics},
  volume = 94,
  pages =    {1},
  month =    {July},
  year =     {2003},
}



@article{morozov2000berger,
  author = {Morozov, A., Saposhnikov, V.V., Saposhnikov, Vl.V., Gossel, M.},
  title = {New self-checking circuits by use of Berger-codes},
  journal = {6th IEEE International On-Line Testing Workshop Proceedings},
  pages = {141 – 146},
  year = {2000},
  month = {July},
}

@conference{zeng1999finite,
  title={{Finite state machine synthesis with concurrent error detection}},
  author={Zeng, C. and Saxena, N.R. and McCluskey, E.J.},
  booktitle={International Test Conference},
  pages={672--679},
  year={1999},
  organization={Citeseer},
}

@article{kudekar2010threshold,
  title={{Threshold Saturation via Spatial Coupling: Why Convolutional LDPC Ensembles Perform so well over the BEC}},
  author={Kudekar, S. and Richardson, T. and Urbanke, R.},
  journal={Arxiv preprint arXiv:1001.1826},
  year={2010},
}

@article{shokrollahi2006raptor,
  title={{Raptor codes}},
  author={Shokrollahi, A.},
  journal={IEEE/ACM Transactions on Networking (TON)},
  volume={14},
  number={SI},
  pages={2567},
  year={2006},
  publisher={IEEE Press},
}

@article{guizzo2004closing,
  title={{Closing in on the perfect code}},
  author={Guizzo, E.},
  journal={IEEE Spectrum},
  volume={41},
  number={3},
  pages={36--42},
  year={2004}
}

@article{thyself2009cpu,
  title={{CPU, Heal Thyself}},
  author={David Blaauw and Shidhartha Das},
  journal={iEEE SpEctrum},
  year={2009}
}

@article{ruano2009methodology,
  title={{A Methodology for Automatic Insertion of Selective TMR in Digital Circuits Affected by SEUs}},
  author={Ruano, O. and Maestro, JA and Reviriego, P.},
  journal={IEEE Transactions on Nuclear Science},
  volume={56},
  number={4},
  pages={2091},
  year={2009}
}

@conference{bower2004tolerating,
  title={{Tolerating hard faults in microprocessor array structures}},
  author={Bower, F.A. and Shealy, P.G. and Ozev, S. and Sorin, D.J.},
  booktitle={proceedings of the 2004 International Conference on Dependable Systems and Networks},
  pages={51},
  year={2004},
  organization={Citeseer}
}



@conference{austin1999diva,
  title={{DIVA: A reliable substrate for deep submicron microarchitecture design}},
  author={Austin, T.M. and others},
  booktitle={International Symposium on Microarchitecture},
  pages={196--207},
  year={1999}
}



@article{lohn2003genetic,
  title={{A genetic representation for evolutionary fault recovery in Virtex FPGAs}},
  author={Lohn, J. and Larchev, G. and DeMara, R.},
  journal={Lecture notes in computer science},
  pages={47--56},
  year={2003},
  publisher={Springer}
}

@conference{stoica2004evolutionary,
  title={{Evolutionary recovery of electronic circuits from radiation induced faults}},
  author={Stoica, A. and Arslan, T. and Keymeulen, D. and Duong, V. and Guo, X. and Zebulum, R. and FERGU-SON, I. and Daud, T.},
  booktitle={Proc. IEEE Conference on Evolutionary Computation},
  year={2004}
}


@conference{zebulum2003experimental,
  title={{Experimental results in evolutionary fault-recovery for field programmable analog devices}},
  author={Zebulum, R.S. and Keymeulen, D. and Duong, V. and Guo, X. and Ferguson, MI and Stoica, A.},
  booktitle={Proc. The},
  pages={182--188},
  year={2003}
}



@conference{rotenberg1999ar,
  title={{AR-SMT: A microarchitectural approach to fault tolerance in microprocessors}},
  author={Rotenberg, E.},
  booktitle={FTCS},
  pages={84--93},
  year={1999},
  organization={IEEE COMPUTER SOCIETY PRESS}
}

@article{saleh1990reliability,
  title={{Reliability of scrubbing recovery-techniques for memory systems}},
  author={Saleh, AM and Serrano, JJ and Patel, JH},
  journal={IEEE Transactions on Reliability},
  volume={39},
  number={1},
  pages={114--122},
  year={1990}
}


@conference{maamar199832,
  title={{A 32 bit RISC processor with concurrent error detection}},
  author={Maamar, A. and Russell, G.},
  booktitle={Euromicro Conference, 1998. Proceedings. 24th},
  volume={1},
  year={1998}
}

@article{tiwari2005enhanced,
  title={{Enhanced reliability of finite-state machines in FPGA through efficient fault detection and correction}},
  author={Tiwari, A. and Tomko, KA and Syst, S.U.N.M. and Sunnyvale, CA},
  journal={IEEE Transactions on Reliability},
  volume={54},
  number={3},
  pages={459--467},
  year={2005}
}


@article{chen1999double,
  title={{On double-byte error-correcting codes}},
  author={Chen, C.L.},
  journal={IEEE Transactions on Information Theory},
  volume={45},
  number={6},
  pages={2207--2208},
  year={1999}
}

@conference{baggio2004neutron,
  title={{Neutron-induced SEU in bulk and SOI SRAMs in terrestrial environment}},
  author={Baggio, J. and Lambert, D. and Ferlet-Cavrois, V. and D'hose, C. and Hirose, K. and Saito, H. and Palau, JM and Saigne, F. and Sagnes, B. and Buard, N. and others},
  booktitle={2004 IEEE International Reliability Physics Symposium Proceedings, 2004. 42nd Annual},
  pages={677--678},
  year={2004}
}

@conference{zhang2004effect,
  title={{Effect of shield insertion on reducing crosstalk noise between coupled interconnects}},
  author={Zhang, J. and Friedman, E.G.},
  booktitle={Proceedings of the IEEE International Symposium on Circuits and Systems},
  volume={2},
  pages={529--532},
  year={2004},
  organization={Citeseer}
}

@conference{xiao2001gate,
  title={{Gate sizing to eliminate crosstalk induced timing violation}},
  author={Xiao, T. and Marek-Sadowska, M.},
  booktitle={Proc. ICCD},
  pages={186--191},
  year={2001}
}


@Article{guerin:hci,
  author =   {C Guerin },
  title =    {The Energy-Driven Hot-Carrier Degradation Modes of {nMOSFETs}},
  journal = IEEE_J_DMR,
  volume = 7,
  pages =    {225-235},
  month =    {June},
  year =     {2007},
}

@conference{agostinelli2005erratic,
  title={{Erratic fluctuations of SRAM cache Vmin at the 90nm process technology node}},
  author={Agostinelli, M. and Hicks, J. and Xu, J. and Woolery, B. and Mistry, K. and Zhang, K. and Jacobs, S. and Jopling, J. and Yang, W. and Lee, B. and others},
  booktitle={IEEE International Electron Devices Meeting, 2005. IEDM Technical Digest},
  pages={655--658},
  year={2005}
}


@conference{schroeder2009dram,
  title={{DRAM errors in the wild: a large-scale field study}},
  author={Schroeder, B. and Pinheiro, E. and Weber, W.D.},
  booktitle={Proceedings of the eleventh international joint conference on Measurement and modeling of computer systems},
  pages={193--204},
  year={2009},
  organization={ACM New York, NY, USA}
}

@article{constantinescu_intermittent,
  title={{Intermittent Faults in VLSI Circuits}},
  author={Constantinescu, C.}
  journal= {IEEE Workshop on Silicon Errors in Logic - System Effects (SELSE)}
  year = "2006"
}

@conference{constantinescu2008intermittent,
  title={{Intermittent faults and effects on reliability of integrated circuits}},
  author={Constantinescu, C. and Devices, A.M.},
  booktitle={Proceedings of the 2008 Annual Reliability and Maintainability Symposium-Volume 00},
  pages={370--374},
  year={2008},
  organization={IEEE Computer Society}
}

@inproceedings{epfl:thermal_data_flow,
 author = "{J. Ayala, D. Atienza and P. Brisk}",
 title = "{Thermal-aware data flow analysis}",
 booktitle = "{DAC '09: Proceedings of the 46th Annual Design Automation Conference}",
 year = {2009},
 isbn = {978-1-60558-497-3},
 pages = {613--614},
 location = {San Francisco, California},
 doi = {http://doi.acm.org/10.1145/1629911.1630069},
 publisher = {ACM},
 address = {New York, NY, USA}
}


@inproceedings{epfl:reliability_nano,
 author = "{D. Atienza, G. De Micheli, L. Benini, J. Ayala, P. G. Del Valle, M. DeBole and V. Narayanan}",
 title = "{Reliability-aware design for nanometer-scale devices}",
 booktitle = "{ASP-DAC '08: Proceedings of the 2008 Asia and South Pacific Design Automation Conference}",
 year = {2008},
 isbn = {978-1-4244-1922-7},
 pages = {549--554},
 location = {Seoul, Korea},
 publisher = {IEEE Computer Society Press},
 address = {Los Alamitos, CA, USA}
}

@inproceedings{epfl:reliability_simulation,
 author = "{A. K. Coskun, T. S. Rosing, Y. Leblebici, and G. De Micheli}",
 title = "{A simulation methodology for reliability analysis in multi-core SoCs}",
 booktitle = {GLSVLSI '06: Proceedings of the 16th ACM Great Lakes symposium on VLSI},
 year = {2006},
 isbn = {1-59593-347-6},
 pages = {95--99},
 location = {Philadelphia, PA, USA},
 doi = {http://doi.acm.org/10.1145/1127908.1127933},
 publisher = {ACM},
 address = {New York, NY, USA}
}

@article{hotspot,
 author = "{K. Skadron, M. R. Stan, K. Sankaranarayanan, W. Huang, S. Velusamy and D. Tarjan}",
 title = "{Temperature-aware microarchitecture: Modeling and implementation}",
 journal = {ACM Transactions on Architecture Code Optimization},
 volume = {1},
 number = {1},
 year = {2004},
 issn = {1544-3566},
 pages = {94--125},
 doi = {http://doi.acm.org/10.1145/980152.980157},
 publisher = {ACM},
 address = {New York, NY, USA}
}

@inproceedings{saibal:leakage,
 author = "{S. Mukhopadhyay, A. Raychowdhury and K. Roy}",
 title = "{Accurate estimation of total leakage current in scaled CMOS logic circuits based on compact current modeling}",
 booktitle = {DAC '03: Proceedings of the 40th annual Design Automation Conference},
 year = {2003},
 isbn = {1-58113-688-9},
 pages = {169--174},
 location = {Anaheim, CA, USA},
 doi = {http://doi.acm.org/10.1145/775832.775877},
 publisher = {ACM},
 address = {New York, NY, USA}
}

@article{rsim,
 author = "{C. J. Hughes, V. S. Pai, P. Ranganathan, and S. V. Adve}",
 title = "{RSIM: Simulating Shared-Memory Multiprocessors with ILP Processors}",
 journal = {Computer},
 volume = {35},
 number = {2},
 year = {2002},
 issn = {0018-9162},
 pages = {40--49},
 doi = {http://dx.doi.org/10.1109/2.982915},
 publisher = {IEEE Computer Society Press},
 address = {Los Alamitos, CA, USA}
}

@inproceedings{turandot,
 author = "{M. Moudgill, P. Bose, and J. Moreno}",
 title = "{Validation of Turandot, a fast processor model for microarchitecture exploration}",
 booktitle = {In Proceedings of the IEEE International Performance, Computing, and Communications Conference (IPCCC)},
 year = {1999},
 pages = {451--457}
}

@inproceedings{cmos_softerror,
 author = "{P. Hazucha and C. Svensson}",
 title = "{Impact of CMOS technology scaling on the atmospheric neutron softerror rate}",
 booktitle = {IEEE Transactions on Nuclear Science},
 volume = {47},
 number = {6},
 year = {2000},
 issn = {0018-9499},
 pages = {2586--2594},
 doi = {http://dx.doi.org/10.1109/23.903813}
}

@inproceedings{ser_processor,
 author = "{C. Bolchini, A. Miele, F. Salice and D. Sciuto}",
 title = "{A model of soft error effects in generic IP processors}",
 booktitle = {DFT '05: Proceedings of the 20th IEEE International Symposium on Defect and Fault Tolerance in VLSI Systems},
 year = {2005},
 isbn = {0-7695-2464-8},
 pages = {334--342},
 doi = {http://dx.doi.org/10.1109/DFTVS.2005.10},
 publisher = {IEEE Computer Society},
 address = {Washington, DC, USA}
}

@InProceedings{techshrink_impact,
    author={Cristian Constantinescu},
    title={Impact of Deep Submicron Technology on Dependability of VLSI Circuits},
    booktitle={Proc. International Conference on Dependable Systems and Networks (DSN\u201902)},
    year = {2002},
}

@inproceedings{ser_trend,
 author = "{P. Shivakumar, M. Kistler, S. W. Keckler, D. Burger and L. Alvisi}",
 title = "{Modeling the Effect of Technology Trends on the Soft Error Rate of Combinational Logic}",
 booktitle = {DSN '02: Proceedings of the 2002 International Conference on Dependable Systems and Networks},
 year = {2002},
 isbn = {0-7695-1597-5},
 pages = {389--398},
 publisher = {IEEE Computer Society},
 address = {Washington, DC, USA}
}

@inproceedings{ser_cmos_mini,
 author = "{J. C. Pickel}",
 title = "{Effect of CMOS Miniaturization on Cosmic-Ray-Induced Error Rate}",
 booktitle = {IEEE Transactions on Nuclear Science},
 year = {1982},
 pages = {2049--2054},
 doi = {http://dx.doi.org/10.1109/TNS.1982.4336494}
}

@inproceedings{mars_c,
 author = "{N. Miskov-Zivanov and D. Marculescu}",
 title = "{MARS-C: modeling and reduction of soft errors in combinational circuits}",
 booktitle = {DAC '06: Proceedings of the 43rd annual Design Automation Conference},
 year = {2006},
 isbn = {1-59593-381-6},
 pages = {767--772},
 location = {San Francisco, CA, USA},
 doi = {http://doi.acm.org/10.1145/1146909.1147104},
 publisher = {ACM},
 address = {New York, NY, USA}
}

@inproceedings{mars_s,
 author = "{N. Miskov-Zivanov and D. Marculescu}",
 title = "{MARS-S: Modeling and Reduction of Soft Errors in Sequential Circuits}",
 booktitle = {ISQED '07: Proceedings of the 8th International Symposium on Quality Electronic Design},
 year = {2007},
 isbn = {0-7695-2795-7},
 pages = {893--898},
 doi = {http://dx.doi.org/10.1109/ISQED.2007.100},
 publisher = {IEEE Computer Society},
 address = {Washington, DC, USA}
}

@inproceedings{ser_comb_touba,
 author = "{K. Mohanram and N. A. Touba}",
 title = "{Cost-Effective Approach for Reducing Soft Error Failure Rate in Logic Circuits}",
 booktitle = {Proceedings of International Test Conference},
 year = {2003},
 pages = {893--901},
 isbn = {0-7803-8106-8}
}

@inproceedings{ser_cache,
 author = "{M. Rebaudengo, M. Sonza Reorda and M. Violante}",
 title = "{An Accurate Analysis of the Effects of Soft Errors in the Instruction and Data Caches of a Pipelined Microprocessor}",
 booktitle = {DATE '03: Proceedings of the conference on Design, Automation and Test in Europe},
 year = {2003},
 isbn = {0-7695-1870-2},
 pages = {10602},
 publisher = {IEEE Computer Society},
 address = {Washington, DC, USA}
}

@inproceedings{ser_processor,
 author = "{N. J. Wang, J. Quek, T. M. Rafacz and S. J. Patel}",
 title = "{Characterizing the Effects of Transient Faults on a High-Performance Processor Pipeline}",
 booktitle = {DSN '04: Proceedings of the 2004 International Conference on Dependable Systems and Networks},
 year = {2004},
 isbn = {0-7695-2052-9},
 pages = {61},
 publisher = {IEEE Computer Society},
 address = {Washington, DC, USA}
}

@inproceedings{ser_sim,
 author = "{M. Sugihara, T. Ishihara, M. Muroyama and K. Hashimoto}",
 title = "{A Simulation-Based Soft Error Estimation Methodology for Computer Systems}",
 booktitle = {ISQED},
 year = {2006},
 pages = {196--203},
}

@INPROCEEDINGS{david_fault_injection,
  author = "{D. Kammler, J. Guan, G. Ascheid, R. Leupers and H. Meyr}",
  title = "{A fast and flexible Platform for Fault Injection and Evaluation in Verilog-based Simulations}",
  booktitle = "{Proc. 3rd IEEE International Conference on Secure Software Integration and Reliability Improvement (SSIRI)}",
  year = "{2009}",
}

@inproceedings{ser_ptm,
 author = "{S. Krishnaswamy, G. F. Viamontes, I. L. Markov, and J. P. Hayes}",
 title = "{Accurate Reliability Evaluation and Enhancement via Probabilistic Transfer Matrices}",
 booktitle = {DATE '05: Proceedings of the conference on Design, Automation and Test in Europe},
 year = {2005},
 isbn = {0-7695-2288-2},
 pages = {282--287},
 doi = {http://dx.doi.org/10.1109/DATE.2005.47},
 publisher = {IEEE Computer Society},
 address = {Washington, DC, USA}
}

@article{ser_signature,
 author = "{S. Krishnaswamy, S. M. Plaza, I. L. Markov and J. P. Hayes}",
 title = "{Signature-based SER analysis and design of logic circuits}",
 journal = {Transactions on Computer-Aided Design of Integrated Circuits and Systems},
 volume = {28},
 number = {1},
 year = {2009},
 issn = {0278-0070},
 pages = {74--86},
 doi = {http://dx.doi.org/10.1109/TCAD.2008.2009139}
}

@inproceedings{ser_ion,
 author = "{R. Velazco, S. Karoui, T. Chapuis, D. Benezech and L.H. Rosier}",
 title = "{Heavy Ion Tests for the 68020 Microprocessor and the 68882 Coprocessor}",
 booktitle = {IEEE Transactions on Nuclear Science},
 year = {1992},
 volume = {39},
 number = {3}
}

@article{ph_fault_injection,
 author = "{J. A. Clark and D. K. Pradhan}",
 title = "{Fault injection: a method for validating computer-system dependability}",
 journal = {IEEE Computer},
 volume = {28},
 number = {6},
 year = {1995},
 issn = {0278-0070},
 pages = {47--56},
 doi = {http://dx.doi.org/10.1109/2.386985}
}

@inproceedings{sw_fault_injection,
 author = "{B. Nicolescu and R. Velazco}",
 title = "{Detecting Soft Errors by a Purely Software Approach: Method, Tools and Experimental Results}",
 booktitle = {DATE '03: Proceedings of the conference on Design, Automation and Test in Europe},
 year = {2003},
 isbn = {0-7695-1870-2-2},
 publisher = {IEEE Computer Society},
 address = {Washington, DC, USA}
}

@inproceedings{vhdl_fault_injection,
 author = "{E. Jenn, J. Arlat, M. Rimen, J. Ohlsson and J. Karlsson}",
 title = "{Fault injection into VHDL models: the MEFISTO tool}",
 booktitle = {Twenty-Fourth International Symposium on Fault-Tolerant Computing},
 year = {1994},
 isbn = {0-8186-5520-8},
 pages = {66--75}
}

@inproceedings{fpga_fault_injection,
 author = "{M. Shokrolah-Shirazi and S. G. Miremadi}",
 title = "{FPGA-Based Fault Injection into Synthesizable Verilog HDL Models}",
 booktitle = {SSIRI '08: Proceedings of the 2008 Second International Conference on Secure System Integration and Reliability Improvement},
 year = {2008},
 isbn = {978-0-7695-3266-0},
 pages = {143--149},
 doi = {http://dx.doi.org/10.1109/SSIRI.2008.47},
 publisher = {IEEE Computer Society},
 address = {Washington, DC, USA}
}

@inproceedings{hdl_fault_injection,
 author = "{H. R. Zarandi, S. G. Miremadi and A. Ejlali}",
 title = "{Dependability Analysis Using a Fault Injection Tool Based on Synthesizability of HDL Models}",
 booktitle = {DFT '03: Proceedings of the 18th IEEE International Symposium on Defect and Fault Tolerance in VLSI Systems},
 year = {2003},
 isbn = {0-7695-2042-1},
 pages = {485},
 publisher = {IEEE Computer Society},
 address = {Washington, DC, USA}
}

@inproceedings{ser_gate_sizing,
 author = "{R. R. Rao, D. Blaauw and D. Sylvester}",
 title = "{Soft error reduction in combinational logic using gate resizing and flipflop selection}",
 booktitle = {ICCAD '06: Proceedings of the 2006 IEEE/ACM international conference on Computer-aided design},
 year = {2006},
 isbn = {1-59593-389-1},
 pages = {502--509},
 location = {San Jose, California},
 doi = {http://doi.acm.org/10.1145/1233501.1233603},
 publisher = {ACM},
 address = {New York, NY, USA}
}

@inproceedings{ser_rewiring,
 author = "{A. Veneris and M. S. Abadir}",
 title = "{Design rewiring using ATPG}",
 booktitle = {IEEE Transactions on Computer-Aided Design of Integrated Circuits and Systems},
 year = {2002},
 pages = {1469--1479},
 doi = {http://doi.acm.org/10.1109/TCAD.2002.804388}
}

@inproceedings{partial_tmr,
 author = "{K. Mohanram and N. A. Touba}",
 title = "{Partial Error Masking to Reduce Soft Error Failure Rate in Logic Circuits}",
 booktitle = {DFT '03: Proceedings of the 18th IEEE International Symposium on Defect and Fault Tolerance in VLSI Systems},
 year = {2003},
 isbn = {0-7695-2042-1},
 publisher = {IEEE Computer Society},
 address = {Washington, DC, USA}
}

@inproceedings{ser_redundant_wire,
 author = "{S. Almukhaizim and Y. Makris}",
 title = "{Soft Error Mitigation Through Selective Addition of Functionally Redundant Wires}",
 booktitle = {IEEE Transactions on Reliability},
 year = {2008},
 pages = {23--31},
 doi = {http://doi.acm.org/10.1109/TR.2008.916877}
}

@inproceedings{ser_arm,
 author = "{J. A. Blome, S. Gupta, S. Feng and S. Mahlke}",
 title = "{Cost-efficient soft error protection for embedded microprocessors}",
 booktitle = {CASES '06: Proceedings of the 2006 international conference on Compilers, architecture and synthesis for embedded systems},
 year = {2006},
 isbn = {1-59593-543-6},
 pages = {421--431},
 location = {Seoul, Korea},
 doi = {http://doi.acm.org/10.1145/1176760.1176811},
 publisher = {ACM},
 address = {New York, NY, USA}
}

@inproceedings{perm_error_protection_device,
 author = "{X. Xuan, A. Chatterjee and A. D. Singh}",
 title = "{Application of Local Design-for-Reliability Techniques for Reducing Wear-out Degradation of CMOS Combinational Logic Circuits}",
 booktitle = {ETS '04: Proceedings of the European Test Symposium, Ninth IEEE},
 year = {2004},
 isbn = {0-7695-2119-3},
 pages = {24--29},
 publisher = {IEEE Computer Society},
 address = {Washington, DC, USA}
}

@inproceedings{register_bank_temp_ctrl,
 author = "{K. Patel, W. Lee and M. Pedram}",
 title = "{Active bank switching for temperature control of the register file in a microprocessor}",
 booktitle = {GLSVLSI '07: Proceedings of the 17th ACM Great Lakes symposium on VLSI},
 year = {2007},
 isbn = {978-1-59593-605-9},
 pages = {231--234},
 location = {Stresa-Lago Maggiore, Italy},
 doi = {http://doi.acm.org/10.1145/1228784.1228844},
 publisher = {ACM},
 address = {New York, NY, USA}
}

@article{ibm:lifetime,
 author = "{J. Srinivasan, S. V. Adve, P. Bose and J. A. Rivers}",
 title = "{The Case for Lifetime Reliability-Aware Microprocessors}",
 journal = {SIGARCH Comput. Archit. News},
 volume = {32},
 number = {2},
 year = {2004},
 issn = {0163-5964},
 pages = {276},
 doi = {http://doi.acm.org/http://doi.acm.org/10.1145/1028176.1006725},
 publisher = {ACM},
 address = {New York, NY, USA}
}

@inproceedings{kundu_self_adaptive,
 author = "{O. Khan and S. Kundu}",
 title = "{A Self-Adaptive System Architecture to Address Transistor Aging}",
 booktitle = {DATE '09: Proceedings of the conference on Design, Automation and Test in Europe},
 year = {2009}
}

@inproceedings{ser_sw_detection,
 author = "{B. Nicolescu and R. Velazco}",
 title = "{Detecting Soft Errors by a Purely Software Approach: Method, Tools and Experimental Results}",
 booktitle = {DATE '03: Proceedings of the conference on Design, Automation and Test in Europe},
 year = {2003},
 isbn = {0-7695-1870-2-2},
 pages = {20057},
 publisher = {IEEE Computer Society},
 address = {Washington, DC, USA}
}

@inproceedings{ser_online_detection,
 author = "{K. Constantinides, O. Mutlu, T. Austin and V. Bertacco}",
 title = "{Software-Based Online Detection of Hardware Defects: Mechanisms, Architectural Support and Evaluation}",
 booktitle = {MICRO '07: Proceedings of the 40th Annual IEEE/ACM International Symposium on Microarchitecture},
 year = {2007},
 isbn = {0-7695-3047-8},
 pages = {97--108},
 doi = {http://dx.doi.org/10.1109/MICRO.2007.39},
 publisher = {IEEE Computer Society},
 address = {Washington, DC, USA}
}

@phdthesis{fingerprint,
 author = "{J. C. Smolens}",
 title = "{Fingerprinting: hash-based error detection in microprocessors}",
 year = {2007},
 isbn = {978-0-549-40290-9},
 order_no = {AAI3295597},
 publisher = {Carnegie Mellon University},
 address = {Pittsburgh, PA, USA}
}

@inproceedings{zoltan_hotswap,
 author = "{Z. E. Rakosi, M. Hiromoto, H. Ochi and Y. Nakamura}",
 title = "{A New Architecture Extension for Mitigation of Permanent Functional Unit Faults Using Hot-Swapping Concepts}",
 booktitle = {Proceedings of the 15th Workshop on Synthesis And System Integration of Mixed Information technologies (SASIMI2009)},
 year = {2009},
 pages = {177--182}
}

@article{elastic,
 author = "{D. Sylvester, D. Blaauw and E. Karl}",
 title = "{ElastIC: An Adaptive Self-Healing Architecture for Unpredictable Silicon}",
 journal = {IEEE Design and Test},
 volume = {23},
 number = {6},
 year = {2006},
 issn = {0740-7475},
 pages = {484--490},
 doi = {http://dx.doi.org/10.1109/MDT.2006.145},
 publisher = {IEEE Computer Society Press},
 address = {Los Alamitos, CA, USA}
}

@article{self_stable_proc,
 author = "{S. Dolev and Y. A. Haviv}",
 title = "{Self-Stabilizing Microprocessor: Analyzing and Overcoming Soft Errors}",
 journal = {IEEE Transactions on Computers},
 volume = {55},
 number = {4},
 year = {2006},
 issn = {0018-9340},
 pages = {385--399},
 doi = {http://dx.doi.org/10.1109/TC.2006.61},
 publisher = {IEEE Computer Society},
 address = {Washington, DC, USA}
}

@inproceedings{ser_compiler_opt,
 author = "{J. Lee and A. Shrivastava}",
 title = "{A compiler optimization to reduce soft errors in register files}",
 booktitle = {LCTES '09: Proceedings of the 2009 ACM SIGPLAN/SIGBED conference on Languages, compilers, and tools for embedded systems},
 year = {2009},
 isbn = {978-1-60558-356-3},
 pages = {41--49},
 location = {Dublin, Ireland},
 doi = {http://doi.acm.org/10.1145/1542452.1542459},
 publisher = {ACM},
 address = {New York, NY, USA}
}

@article{ser_compiler_detect,
 author = "{J. Hu, F. Li, V. Degalahal, M. Kandemir, N. Vijaykrishnan and M. J. Irwin}",
 title = "{Compiler-assisted soft error detection under performance and energy constraints in embedded systems}",
 journal = {ACM Transactions on Embedded Computing Systems},
 volume = {8},
 number = {4},
 year = {2009},
 issn = {1539-9087},
 pages = {1--30},
 doi = {http://doi.acm.org/10.1145/1550987.1550990},
 publisher = {ACM},
 address = {New York, NY, USA}
}

@inproceedings{flexible_rel,
 author = "{D. Alnajjar, Y. Ko, T. Imagawa, H. Konoura, M. Hiromoto, Y. Mitsuyama, M. Hashimoto, H. Ochi and T. Onoye}",
 title = "{Coarse-Grained Dynamically Reconfigurable Architecture with Flexible Reliability}",
 booktitle = {FPL '09: Proceedings of the 19th International Conference on Field Programmable Logic and Applications},
 year = {2009}
}

@inproceedings{wattch,
 author = "{D. Brooks, V. Tiwari, M. Martonosi}",
 title = "{Wattch: a framework for architectural-level power analysis and optimizations}",
 booktitle = "{ISCA '00: Proceedings of the 27th annual international symposium on Computer architecture}",
 year = {2000},
 isbn = {1-58113-232-8},
 pages = {83--94},
 location = {Vancouver, British Columbia, Canada},
 doi = {http://doi.acm.org/10.1145/339647.339657},
 publisher = {ACM},
 address = {New York, NY, USA}
}

@article{martorell2008analysis,
 title="{An analysis of internal parameter variations effects on nanoscaled gates}",
 author="{F. Martorell, S. D. Cotofana, and A. Rubio}",
 journal={IEEE Transactions on Nanotechnology},
 volume={7},
 number={1},
 pages={24},
 year={2008},
 publisher={IEEE}
}

@article{sbst_dey,
 author = "{A. Krstic, W. Lai, K. Cheng, L. Chen and S. Dey}",
 title = "{Embedded Software-Based Self-Test for Programmable Core-Based Designs}",
 journal = "{IEEE Design and Test}",
 volume = {19},
 number = {4},
 year = {2002},
 issn = {0740-7475},
 pages = {18--27},
 doi = {http://dx.doi.org/10.1109/MDT.2002.1018130},
 publisher = {IEEE Computer Society Press},
 address = {Los Alamitos, CA, USA}
}

@article{fault_inj_survey,
    author= "{M. Hsueh, T. K. Tsai and R. K. Iyer}",
    journal="{Computer}",
    title="{Fault injection techniques and tools}",
    year={1997},
    month={apr},
    volume={30},
    number={4},
    pages={75--82},
    doi={10.1109/2.585157},
    ISSN={0018-9162}
}

@article{rf_soft_err,
	author="{J. Lee and A. Shrivastava}",
	journal="{IEEE Transactions on Computer-Aided Design of Integrated Circuits and Systems}", 
	title="{Static Analysis of Register File Vulnerability}",
	year={2011},
	month={april},
	volume={30},
	number={4},
	pages={607--616},
	doi={10.1109/TCAD.2010.2095630},
	ISSN={0278-0070}
}

@inproceedings{iss_fault,
	author= "{M. Sugihara, T. Ishihara, K. Hashimoto and M. Muroyama}",
	booktitle= "{7th International Symposium on Quality Electronic Design, 2006}", 
	title = "{A Simulation-based Soft Error Estimation Methodology for Computer Systems}",
	year={2006},
	month={march}
}

@inproceedings{razor,
  author    = {D. Ernst and
               N. S. Kim and
               S. Das and
               S. Pant and
               R. R. Rao and
               T. Pham and
               C. H. Ziesler and
               D. Blaauw and
               T. M. Austin and
               K. Flautner and
               Trevor N. Mudge},
  title     = {Razor: A Low-Power Pipeline Based on Circuit-Level Timing
               Speculation},
  booktitle = {MICRO},
  year      = {2003},
  ee        = {http://doi.acm.org/10.1145/956417.956571},
  crossref  = {DBLP:conf/micro/2003},
  bibsource = {DBLP, http://dblp.uni-trier.de}
}

@inproceedings{swat,
    author = "{M. Li, P. Ramachandran, S. K. Sahoo, S. V. Adve, V. S. Adve and Y. Zhou}",
    title = "{Understanding the Propagation of Hard Errors to Software and Implications for Resilient System Design}",
    booktitle = "{In Proc. Intl. Conf. on Architectural Support for Programming Languages and Operating Systems(ASPLOS)}",
    year = "{2008}"
}

@inproceedings{optical_fault_attacks,
  author    = {S. P. Skorobogatov and
               R. J. Anderson},
  title     = {Optical Fault Induction Attacks},
  booktitle = {CHES},
  year      = {2002},
  pages     = {2-12},
  ee        = {http://dx.doi.org/10.1007/3-540-36400-5_2},
  crossref  = {DBLP:conf/ches/2002},
  bibsource = {DBLP, http://dblp.uni-trier.de}
}

@proceedings{DBLP:conf/ches/2002,
  editor    = {Burton S. Kaliski Jr. and
               \c{C}etin Kaya Ko\c{c} and
               Christof Paar},
  title     = {Cryptographic Hardware and Embedded Systems - CHES 2002,
               4th International Workshop, Redwood Shores, CA, USA, August
               13-15, 2002, Revised Papers},
  booktitle = {CHES},
  publisher = {Springer},
  series    = {Lecture Notes in Computer Science},
  volume    = {2523},
  year      = {2003},
  isbn      = {3-540-00409-2},
  bibsource = {DBLP, http://dblp.uni-trier.de}
}

@inproceedings{dehon,
  author    = {A. DeHon and
               H. M. Quinn and
               N. P. Carter},
  title     = {Vision for cross-layer optimization to address the dual
               challenges of energy and reliability},
  booktitle = {DATE},
  year      = {2010},
  pages     = {1017-1022},
  ee        = {http://ieeexplore.ieee.org/xpls/abs_all.jsp?arnumber=5456959},
  crossref  = {DBLP:conf/date/2010},
  bibsource = {DBLP, http://dblp.uni-trier.de}
}

@proceedings{DBLP:conf/date/2010,
  title     = {Design, Automation and Test in Europe, DATE 2010, Dresden,
               Germany, March 8-12, 2010},
  booktitle = {DATE},
  publisher = {IEEE},
  year      = {2010},
  bibsource = {DBLP, http://dblp.uni-trier.de}
}

@book{rijndael,
  author    = {Joan Daemen and
               Vincent Rijmen},
  title     = {The Design of Rijndael: AES - The Advanced Encryption Standard},
  publisher = {Springer},
  year      = {2002},
  isbn      = {3-540-42580-2},
  bibsource = {DBLP, http://dblp.uni-trier.de}
}

@inproceedings{giraud,
  author    = {Christophe Giraud},
  title     = "{DFA on AES}",
  booktitle = {AES Conference},
  year      = {2004},
  pages     = {27-41},
  ee        = {http://dx.doi.org/10.1007/11506447_4},
  crossref  = {DBLP:conf/aes/2004},
  bibsource = {DBLP, http://dblp.uni-trier.de}
}

@proceedings{DBLP:conf/aes/2004,
  editor    = {Hans Dobbertin and
               Vincent Rijmen and
               Aleksandra Sowa},
  title     = {Advanced Encryption Standard - AES, 4th International Conference,
               AES 2004, Bonn, Germany, May 10-12, 2004, Revised Selected
               and Invited Papers},
  booktitle = {AES Conference},
  publisher = {Springer},
  series    = {Lecture Notes in Computer Science},
  volume    = {3373},
  year      = {2005},
  isbn      = {3-540-26557-0},
  bibsource = {DBLP, http://dblp.uni-trier.de}
}

@article{trends_reliability,
  author    = {C. Constantinescu},
  title     = {Trends and Challenges in VLSI Circuit Reliability},
  journal   = {IEEE Micro},
  volume    = {23},
  number    = {4},
  year      = {2003},
  pages     = {14-19},
  ee        = {http://doi.ieeecomputersociety.org/10.1109/MM.2003.1225959},
  bibsource = {DBLP, http://dblp.uni-trier.de}
}

@inproceedings{sabo_muta_1,
  author    = {E. Jenn and
               J. Arlat and
               M. Rim{\'e}n and
               J. Ohlsson and
               J. Karlsson},
  title     = {Fault Injection into VHDL Models: The MEFISTO Tool},
  booktitle = {FTCS},
  year      = {1994},
  pages     = {66-75},
  bibsource = {DBLP, http://dblp.uni-trier.de}
}

@article{sabo_muta_2,
  author    = {J. Carlos Baraza and
               J. Gracia and
               D. Gil and
               P. J. Gil},
  title     = {A prototype of a VHDL-based fault injection tool: description
               and application},
  journal   = {Journal of Systems Architecture},
  volume    = {47},
  number    = {10},
  year      = {2002},
  pages     = {847-867},
  ee        = {http://dx.doi.org/10.1016/S1383-7621(01)00036-4},
  bibsource = {DBLP, http://dblp.uni-trier.de}
}

@inproceedings{c_compiler_lisa,
  author    = {Manuel Hohenauer and
               Hanno Scharw{\"a}chter and
               Kingshuk Karuri and
               Oliver Wahlen and
               Tim Kogel and
               Rainer Leupers and
               Gerd Ascheid and
               Heinrich Meyr and
               Gunnar Braun and
               Hans van Someren},
  title     = {A Methodology and Tool Suite for C Compiler Generation from
               ADL Processor Models},
  booktitle = {DATE},
  year      = {2004},
  pages     = {1276-1283},
  ee        = {http://doi.ieeecomputersociety.org/10.1109/DATE.2004.1269071},
  crossref  = {DBLP:conf/date/2004},
  bibsource = {DBLP, http://dblp.uni-trier.de}
}

@proceedings{DBLP:conf/date/2004,
  title     = {2004 Design, Automation and Test in Europe Conference and
               Exposition (DATE 2004), 16-20 February 2004, Paris, France},
  booktitle = {DATE},
  publisher = {IEEE Computer Society},
  year      = {2004},
  isbn      = {0-7695-2085-5},
  bibsource = {DBLP, http://dblp.uni-trier.de}
}

@BOOK{leupers_simulation,
   author = {R. Leupers and O. Temam},
   title= {Processor and System-on-Chip Simulation},
   publisher = {Springer},
   year = {2010}
   }

@article{achim_jitcc,
  author    = {Gunnar Braun and
               Achim Nohl and
               Andreas Hoffmann and
               Oliver Schliebusch and
               Rainer Leupers and
               Heinrich Meyr},
  title     = {A universal technique for fast and flexible instruction-set
               architecture simulation},
  journal   = {IEEE Trans. on CAD of Integrated Circuits and Systems},
  volume    = {23},
  number    = {12},
  year      = {2004},
  pages     = {1625-1639},
  ee        = {http://doi.ieeecomputersociety.org/10.1109/TCAD.2004.836734},
  bibsource = {DBLP, http://dblp.uni-trier.de}
}

@article{ground_level_signal,
  author    = "{E. Normand}",
  title     = {Single event upset at ground level},
  journal   = {IEEE Transactions on Nuclear Science},
  volume    = {43},
  number    = {6},
  year      = {1996},
  pages     = {2742-2750},
}

%%%%%%%%%%%%%%%%%%%%%%%%%%%%%%%%%%%%%%%%%%%%%%%%%%%%%%%%%%%%%%%%%%%%
%%
%%  AVF
%%
%%%%%%%%%%%%%%%%%%%%%%%%%%%%%%%%%%%%%%%%%%%%%%%%%%%%%%%%%%%%%%%%%%%%
@inproceedings{MukherjeeWERA03,
  author    = {S. S. Mukherjee and
               C. T. Weaver and
               J. S. Emer and
               S. K. Reinhardt and
               T. M. Austin},
  title     = {A Systematic Methodology to Compute the Architectural Vulnerability
               Factors for a High-Performance Microprocessor},
  booktitle = {MICRO},
  year      = {2003},
  pages     = {29-42},
  ee        = {http://doi.acm.org/10.1145/956417.956570},
  crossref  = {DBLP:conf/micro/2003},
  bibsource = {DBLP, http://dblp.uni-trier.de}
}

@inproceedings{KimS02,
  author    = {Seongwoo Kim and
               Arun K. Somani},
  title     = {Soft Error Sensitivity Characterization for Microprocessor
               Dependability Enhancement Strategy},
  booktitle = {DSN},
  year      = {2002},
  pages     = {416-428},
  ee        = {http://doi.ieeecomputersociety.org/10.1109/DSN.2002.1028927},
  crossref  = {DBLP:conf/dsn/2002},
  bibsource = {DBLP, http://dblp.uni-trier.de}
}

@inproceedings{RehmanSKH11,
  author    = {S. Rehman and
               M. Shafique and
               F. Kriebel and
               J. Henkel},
  title     = {Reliable software for unreliable hardware: embedded code
               generation aiming at reliability},
  booktitle = {CODES+ISSS},
  year      = {2011},
  pages     = {237-246},
  ee        = {http://doi.acm.org/10.1145/2039370.2039408},
  crossref  = {DBLP:conf/codes/2011},
  bibsource = {DBLP, http://dblp.uni-trier.de}
}

@article{BiswasREM07,
  author    = {A. Biswas and
               P. Racunas and
               J. S. Emer and
               S. S. Mukherjee},
  title     = "{Computing Accurate AVFs using ACE Analysis on Performance
               Models: A Rebuttal}",
  journal   = {Computer Architecture Letters},
  volume    = {7},
  number    = {1},
  year      = {2007},
  pages     = {21-24},
  ee        = {http://doi.ieeecomputersociety.org/10.1109/L-CA.2007.19},
  bibsource = {DBLP, http://dblp.uni-trier.de}
}

@inproceedings{WangMP07,
  author    = {Nicholas J. Wang and
               Aqeel Mahesri and
               Sanjay J. Patel},
  title     = {Examining ACE analysis reliability estimates using fault-injection},
  booktitle = {ISCA},
  year      = {2007},
  pages     = {460-469},
  ee        = {http://doi.acm.org/10.1145/1250662.1250719},
  crossref  = {DBLP:conf/isca/2007},
  bibsource = {DBLP, http://dblp.uni-trier.de}
}

@article{SiewiorekDP92,
 author = "{D. P. Siewiorek and R. S. Schwartz}",
 title = "{Reliable Computer Systems Design and Evaluation}",
 journal = "{Digital Press}",
 year = {1992},
 publisher = {MA},
}

@article{Hareland01,
 author = "{S. Hareland, J. Maiz, M. Alavi, K. Mistry, S. Walstra, and C. Dai}",
 title = "{Impact of CMOS Scaling and SOI on soft error rates of logic processes}",
 journal = "{VLSI Technology Digest of Technical Papers}",
 year = {2001},
 publisher = {MA},
}

@article{LeeS11,
  author    = "{J. Lee and A. Shrivastava}",
  title     = "{Static Analysis of Register File Vulnerability}",
  journal   = {IEEE Trans. on CAD of Integrated Circuits and Systems},
  volume    = {30},
  number    = {4},
  year      = {2011},
  pages     = {607-616},
  ee        = {http://dx.doi.org/10.1109/TCAD.2010.2095630},
  bibsource = {DBLP, http://dblp.uni-trier.de}
}

@article{KrishnaswamyVMH08,
  author    = "{S. Krishnaswamy, G. F. Viamontes, I. L. Markov and J. P. Hayes}",
  title     = "{Probabilistic transfer matrices in symbolic reliability analysis of logic circuits}",
  journal   = {ACM Trans. Design Autom. Electr. Syst.},
  volume    = {13},
  number    = {1},
  year      = {2008},
  ee        = {http://doi.acm.org/10.1145/1297666.1297674},
  bibsource = {DBLP, http://dblp.uni-trier.de}
}

@inproceedings{rehman_reliability_aware_scheduling,
 author = "{S. Rehman, M. Shafique and J. Henkel}",
 title = "{Instruction scheduling for reliability-aware compilation}",
 series = {DAC '12},
 year = {2012},
 isbn = {978-1-4503-1199-1},
 location = {San Francisco, California},
 pages = {1292--1300},
 numpages = {9},
 url = {http://doi.acm.org/10.1145/2228360.2228601},
 doi = {10.1145/2228360.2228601},
 acmid = {2228601},
 publisher = {ACM}
} 

@inproceedings{rehman_raise,
author="{S. Rehman, M. Shafique, F. Kriebel and J. Henkel}",
booktitle={ASP-DAC '12}, 
title="{RAISE: Reliability-Aware Instruction SchEduling for unreliable hardware}",
year={2012},
month={30 2012-feb. 2},
volume={},
number={},
pages={671 -676},
keywords={RAISE;compilation;compile time;critical instructions;instruction execution;pipeline stages;processor resources;reliability aware instruction scheduling;software failures;spatial vulnerabilities;static reliability estimation;temporal vulnerabilities;instruction sets;pipeline processing;processor scheduling;program compilers;resource allocation;software fault tolerance;},
doi={10.1109/ASPDAC.2012.6165040},
ISSN={2153-6961}
}

@inbook{chattopadhyay08a,
author = "{A. Chattopadhyay, H. Meyr and R. Leupers}",
booktitle = {Processor Description Languages},
title = "{LISA: A Uniform ADL for Embedded Processor Modelling, Implementation and Software Toolsuite Generation}",
year = {2008},
month = {jun},
pages = {95-130},
ISBN= {978-0-12374-287-2},
chapter = {5},
publisher = {Morgan Kaufmann},
}

@article{abdalla_viterbi,
  author    = "{R. Abdallah and N. Shanbhag}",
  title     = "{Error-resilient Low-power Viterbi Decoder Architectures}",
  journal   = {IEEE Trans. on Signal Processing},
  volume    = {57},
  number    = {12},
  year      = {2009},
  pages     = {4906-4917},
}

@article{ahmed11,
  author    = "{S. Ahmed}",
  title     = "{Unequal Error Protection Using Fountain Codes With Applications to Video Communication}",
  journal   = {IEEE Trans. on Multimedia},
  volume    = {13},
  number    = {1},
  year      = {2011},
  pages     = {92-101},
}

@INPROCEEDINGS{amir01,
author="{K. Amir and B. Eric}",
booktitle="{Proceedings of the 2001 IEEE International Symposium on Defect and Fault Tolerance in VLSI Systems}", 
title="{Fast, Minimal Decoding Complexity, System Level, Binary Systematic (41, 32) Single-Error-Correcting Codes For On-chip DRAM Applications}",
pages={308-313},
}

@INPROCEEDINGS{baloch05,
author="{S. Baloch, T. Arslan and A. Stoica}",
booktitle="{IEEE Aerospace}", 
title="{Efficient Error Correcting Codes for On-Chip DRAM Applications for Space Missions}",
pages={1-9},
year={2005},
}

@article{berlekamp78,
  author    = "{E. Berlekamp, R. McEliece and H. van Tilborg}",
  title     = "{On the Inherent Intractability of Certain Coding Problems}",
  journal   = {IEEE Trans. on Information Theory},
  volume    = {24},
  number    = {3},
  year      = {1978},
  pages     = {384-386},
}

@article{borade09,
  author    = "{S. Borade, B. Nakiboglu and L. Zheng}",
  title     = "{Unequal Error Protection: An Information-theoretic Perspective}",
  journal   = {IEEE Transactions on Information Theory},
  volume    = {55},
  number    = {12},
  year      = {2009},
  pages     = {5511-5539},
}

@article{chang08,
  author    = "{Y. Chang, S. Lee and R. Komyia}",
  title     = "{A Fast Forward Error Correction Allocation Algorithm for Unequal Error Protection of Video Transmission over Wireless Channels}",
  journal   = {IEEE Trans. Consumer Electronics},
  volume    = {54},
  number    = {3},
  year      = {2008},
  pages     = {1066-1073},
}

@inproceedings{grover10,
  author = "{P. Grover, H. Palaiyanur and A. Sahai}",
  booktitle = {ISIT},
  pages = {2373-2377},
  title = {Information-theoretic tradeoffs of throughput and chip power consumption for decoding error-correcting codes},
  year = 2010
}

@article{hamming50,
  author    = "{R. W. Hamming}",
  title     = "{Error Detecting and Error Correcting Codes}",
  journal   = {The Bell System Technical Journal},
  volume    = {XXVI},
  number    = {2},
  year      = {1950},
  pages     = {147-160},
}

@inproceedings{hegde_ant,
 author    = "{R. Hegde and N.R. Shanbhag}",
 title     = "{Energy-efficient Signal Processing via Algorithmic Noise-tolerance}",
 series = {ISLPED '99},
% year = {1999},
 pages = {30--35},
}

@inproceedings{kahng_vasco,
  author    = "{A. Kahng, S. Kang, R. Kumar, and J. Sartori}",
  booktitle = {HPCA},
  title = "{Designing Processors from the Ground up to Allow Voltage/Reliability Tradeoffs}",
  year = 2010
}

@inproceedings{burg_wireless,
  author = {Karakonstantis, Georgios and Roth, Christoph and Benkeser, Christian and Burg, Andreas},
  booktitle = {DAC},
  pages = {510-515},
  title = "{On the Exploitation of the Inherent Error Resilience of Wireless Systems under Unreliable Silicon}",
  year = 2012
}

@article{karakon_unequal,
  author = {Karakonstantis, Georgios and Mohapatra, Debabrata and Roy, Kaushik},
  journal = {Signal Processing Systems},
  number = 3,
  pages = {415-431},
  title = "{Logic and Memory Design Based on Unequal Error Protection for Voltage-scalable, Robust and Adaptive DSP Systems}",
  volume = 68,
  year = 2012
}

@inbook{koren_book,
author = "{I. Koren and C. M. Krishna}",
title = "{Fault-Tolerant Systems}",
year = {2007},
publisher = {Morgan Kaufmann},
}

@article{krishnaswamy_ptm,
  author = {Krishnaswamy, Smita and Viamontes, George F. and Markov, Igor L. and Hayes, John P.},
  journal = {ACM Trans. Design Autom. Electr. Syst.},
  number = 1,
  title = "{Probabilistic Transfer Matrices in Symbolic Reliability Analysis of Logic Circuits}",
  volume = 13,
  year = 2008
}

@article{lee_video,
  author = {Lee, Kyoungwoo and Dutt, Nikil and Venkatasubramanian, Nalini},
  journal = {ACM Trans. Embedded Comput. Syst.},
  number = 2,
  pages = 37,
  title = "{EAVE: Error-Aware Video Encoding Supporting Extended Energy/QoS Trade-offs for Mobile Embedded Systems}",
  volume = 11,
  year = 2012
}

@article{lee_compiler_ser,
  author = {Lee, Jongeun and Shrivastava, Aviral},
  journal = {IEEE Trans. on CAD of Integrated Circuits and Systems},
  number = 7,
  pages = {1018-1027},
  title = "{A Compiler-Microarchitecture Hybrid Approach to Soft Error Reduction for Register Files}",
  volume = 29,
  year = 2010
}

@article{mitra_ersa,
  author = "{H. Cho, L. Leem and S. Mitra}",
  journal = {IEEE Trans. on CAD of Integrated Circuits and Systems},
  number = 4,
  pages = {546-558},
  title = "{ERSA: Error Resilient System Architecture for Probabilistic Applications}",
  volume = 31,
  year = 2012
}

@article{myint12,
  author = "{L. Myint and P. Supnithi}",
  journal = {J. Appl. Phys.},
  title = "{Unequal Error Correction Strategy for Magnetic Recording Systems with Multi-track Processing}",
  volume = 111,
  year = 2012
}

@article{narayanan_embedded_reliability,
  author = {Vijaykrishnan, Narayanan and Xie, Yuan},
  journal = {IEEE Computer},
  number = 1,
  pages = {118-120},
  title = "{Reliability Concerns in Embedded System Designs}",
  volume = 39,
  year = 2006
}

@inproceedings{nasser08,
  author = "{R. Naseer}",
  booktitle = {ESSCIRC},
  pages = {222-225},
  title = "{Parallel Double Error Correcting Code Design to Mitigate Multi-bit Upsets in SRAMs}",
  year = 2008
}

@article{oh_duplicate,
  author = {Oh, Nahmsuk and Shirvani, Philip P. and McCluskey, Edward J.},
  journal = {IEEE Transactions on Reliability},
  number = 1,
  pages = {63-75},
  title = "{Error Detection by Duplicated Instructions in Super-scalar Processors}",
  volume = 51,
  year = 2002
}

@article{paul11,
  author = {Paul, Somnath and Cai, Fang and Zhang, Xinmiao and Bhunia, Swarup},
  journal = {IEEE Trans. Computers},
  number = 1,
  pages = {20-34},
  title = "{Reliability-Driven ECC Allocation for Multiple Bit Error Resilience in Processor Cache}",
  volume = 60,
  year = 2011
}

@inbook{pradhan_book,
author = "{D. K. Pradhan (Ed.)}",
title = "{Fault-Tolerant Computing: Theory and Techniques}",
year = {1986},
publisher = {Prentice-Hall, Inc.},
}


@inproceedings{reinhardt_smt,
 author = "{S. K. Reinhardt and S. S Mukherjee}",
 title = "{Transient Fault Detection via Simultaneous Multithreading}",
 series = {ISCA '00},
 year = {2000},
 pages = {25--36},
} 

@inproceedings{shanbhag_stochastic,
  author = {Shanbhag, Naresh R. and Abdallah, Rami A. and Kumar, Rakesh and Jones, Douglas L.},
  booktitle = {DAC},
  pages = {859-864},
  title = "{Stochastic Computation}",
  year = 2010
}

@inproceedings{shannon49,
  author = "{C. E. Shannon}",
  booktitle = {Proceedings of Institute of Radio Engineers},
  pages = {10-21},
  title = "{Communication in the Presence of Noise}",
  volume = 37,
  year = 1949
}

@article{spielman96,
    author = {Daniel A. Spielman},
    title = "{Linear-Time Encodable and Decodable Error-Correcting Codes}",
    journal = {IEEE Transactions on Information Theory},
    year = {1996},
    volume = {42},
    pages = {388--397}
}

@article{MukhopadhyayMR05,
  author    = {Saibal Mukhopadhyay and
               Hamid Mahmoodi-Meimand and
               Kaushik Roy},
  title     = "{Modeling of failure probability and statistical design of SRAM array for yield enhancement in nanoscaled CMOS}",
  journal   = {IEEE Trans. on CAD of Integrated Circuits and Systems},
  volume    = {24},
  number    = {12},
  year      = {2005},
  pages     = {1859-1880},
}


@inproceedings{Bansal12,
  author = "{A. Bansal, J. J. Kim and R. Rao}",
  booktitle = {IEEE International Reliability Physics Symposium (IRPS)},
  pages = {2F.6.1-2F.6.4},
  title = "{Usage-based degradation of SRAM arrays due to bias temperature instability}",
  year = 2012
}

@inproceedings{WangZDate13,
 author = "{Z. Wang, K. Singh, C. Chen and A. Chattopadhyay}",
 title = "{Accurate and efficient reliability estimation techniques during ADL-driven embedded processor design}",
 booktitle = {DATE},
 year = {2013},
 isbn = {978-1-4503-2153-2},
 location = {Grenoble, France},
 pages = {547--552},
}

@inproceedings{WangZISQED13,
    author = "{Z. Wang, C. Chen and A. Chattopadhyay}",
 booktitle = {ISQED},
  pages = {265-272},
  title = "{Fast reliability exploration for embedded processors via high-level fault injection}",
  year = 2013
}

@inproceedings{WangZIDT13,
  title = {Opportunistic redundancy for improving reliability of embedded processors},
  author = {Wang, Zheng and Li, Renlin and Chattopadhyay, Anupam},
  pages = {1-6},
  booktitle = {8th International Design and Test Symposium, IDT 2013, Marrakesh, Morocco, 2013},
}

@inproceedings{ChoMCAM13,
  author    = {H. Cho and
               S. Mirkhani and
               C. Cher and
               J. A. Abraham and
               S. Mitra},
  title     = {Quantitative evaluation of soft error injection techniques
               for robust system design},
  booktitle = {DAC},
  year      = {2013},
  pages     = {101},
}

@article{GuptaMRR13,
  author    = {V. Gupta and
               D. Mohapatra and
               A. Raghunathan and
               K. Roy},
  title     = {Low-Power Digital Signal Processing Using Approximate Adders},
  journal   = {IEEE Trans. on CAD of Integrated Circuits and Systems},
  volume    = {32},
  number    = {1},
  year      = {2013},
  pages     = {124-137},
}

@article{KrishnaswamyVMH08,
  author    = {S. Krishnaswamy and
               G. F. Viamontes and
               I. L. Markov and
               J. P. Hayes},
  title     = {Probabilistic transfer matrices in symbolic reliability
               analysis of logic circuits},
  journal   = {ACM Trans. Design Autom. Electr. Syst.},
  volume    = {13},
  number    = {1},
  year      = {2008},
}

@article{Palem2013,
 author = {K. Palem and A. Lingamneni},
 title = {Ten Years of Building Broken Chips: The Physics and Engineering of Inexact Computing},
 journal = {ACM Trans. Embed. Comput. Syst.},
 issue_date = {May 2013},
 volume = {12},
 number = {2s},
 month = may,
 year = {2013},
 issn = {1539-9087},
 pages = {87:1--87:23},
 articleno = {87},
 numpages = {23},
 url = {http://doi.acm.org/10.1145/2465787.2465789},
 doi = {10.1145/2465787.2465789},
 acmid = {2465789},
 publisher = {ACM},
 address = {New York, NY, USA},
 keywords = {Co-design, EDA, Moore's law, VLSI design, energy-accuracy trade-off, inexact circuit design, low power/energy, probabilistic CMOS},
}

@inproceedings{Keding98icspat,
author = {H. Keding, F. Hürtgen, M. Willems, and M. Coors},
booktitle = {Proc. Int. Conf. on Signal Processing Application and Technology (ICSPAT)},
title = {Transformation of Floating-Point into Fixed-Point Algorithms by Interpolation Applying a Statistical Approach},
year = {1998},
month = {sep},
address = {Toronto},
journal = {Proc. Int. Conf. on Signal Processing Application and Technology (ICSPAT)},
}

@article{medianfilter,
  author    = {T. Huang and
               G. Yang and
               G. Tang},
  title     = {A fast two-dimensional median filtering algorithm},
  journal   = {IEEE Trans. Acoust., Speech, Signal Processing},
  volume    = {27},
  number    = {1},
  pages = {13--18},
  year      = {1979},
}

@book{Cormen2001,
 author = {Cormen, Thomas H. and Stein, Clifford and Rivest, Ronald L. and Leiserson, Charles E.},
 title = {Introduction to Algorithms},
 year = {2001},
 isbn = {0070131511},
 edition = {2nd},
 publisher = {McGraw-Hill Higher Education},
}

@inproceedings{DBLP:conf/dac/ChoMCAM13,
  author    = {Hyungmin Cho and
               Shahrzad Mirkhani and
               Chen-Yong Cher and
               Jacob A. Abraham and
               Subhasish Mitra},
  title     = {Quantitative evaluation of soft error injection techniques
               for robust system design},
  booktitle = {DAC},
  year      = {2013},
  pages     = {101},
  ee        = {http://doi.acm.org/10.1145/2463209.2488859},
  crossref  = {DBLP:conf/dac/2013},
  bibsource = {DBLP, http://dblp.uni-trier.de}
}

@book{cox1979theoretical,
  title={Theoretical statistics},
  author={Cox, David Roxbee and Hinkley, David Victor},
  year={1979},
  publisher={CRC Press}
}

@article{seifert2012soft,
  title={Soft error susceptibilities of 22 nm tri-gate devices},
  author={Seifert, Norbert and Gill, Balkaran and Jahinuzzaman, Shah and Basile, Joseph and Ambrose, Vinod and Shi, Quan and Allmon, Randy and Bramnik, Arkady},
  journal={Nuclear Science, IEEE Transactions on},
  volume={59},
  number={6},
  pages={2666--2673},
  year={2012},
  publisher={IEEE}
}

@INPROCEEDINGS{david_fault_injection,
  author = "{D. Kammler, J. Guan, G. Ascheid, R. Leupers and H. Meyr}",
  title = "{A fast and flexible Platform for Fault Injection and Evaluation in Verilog-based Simulations}",
  booktitle = "{Proc. 3rd IEEE International Conference on Secure Software Integration and Reliability Improvement (SSIRI '09)}",
  year = "{2009}",
  address = "{Shanghai, China}",
  month = "{Jul}"
}

@Manual{lisa:snps,
  organization = "{Synopsys}",
  title =        "Synopsys Processor Designer\\
                  http://www.synopsys.com/Systems/BlockDesign/processorDev"
}

@Manual{Qt,
  organization = "{digia}",
  title =        "Qt Product http://qt.digia.com/product/"
}

@ARTICLE{systemLevel,
    author={Keutzer, K. and Newton, A.R. and Rabaey, J.M. and Sangiovanni-Vincentelli, A.},
    journal={Computer-Aided Design of Integrated Circuits and Systems, IEEE Transactions on},
    title={System-level design: orthogonalization of concerns and platform-based design},
    year={2000},
    volume={19},
    number={12},
    pages={1523-1543},
}

    @inproceedings{componentDesign,
        author = {Ces\'{a}rio, W. and Baghdadi, A. and Gauthier, L. and Lyonnard, D. and Nicolescu, G. and Paviot, Y. and Yoo, S. and Jerraya, A. A. and Diaz-Nava, M.},
        title = {Component-based design approach for multicore SoCs},
        booktitle = {Proceedings of the 39th annual Design Automation Conference},
        series = {DAC '02},
    }

@book{specC,
 author = {Daniel D. Gajski and Jianwen Zhu and Rainer Dömer and Andreas Gerstlauer, Shuqing Zhao},
 title = {SPECC: Specification Language and Methodology},
 year = {2012},
 ASIN = {B00EFZ9VI8},
 publisher = {Springer},
}

@book{systemVerilog,
 author = { Stuart Sutherland and Simon Davidmann and Peter Flake and P. Moorby},
 title = {SystemVerilog for Design Second Edition: A Guide to Using SystemVerilog for Hardware Design and Modeling},
 year = {2006},
 ISBN-10 = {0387333991},
 ISBN-13 = {978-0387333991}, 
 edition = {2nd},
 publisher = {Springer},
}

@inproceedings{tlmOverview,
    author = {Cai, Lukai and Gajski, Daniel},
    title = {Transaction level modeling: an overview},
    booktitle = {Proceedings of the 1st IEEE/ACM/IFIP international conference on Hardware/software codesign and system synthesis},
    series = {CODES+ISSS '03},
}
@INPROCEEDINGS{newSystemLevel,
    author={Liao, S.Y.},
    booktitle={Hardware/Software Codesign, 2000. CODES 2000. Proceedings of the Eighth International Workshop on},
    title={Towards a new standard for system-level design},
    year={2000},
    pages={2-6},
    keywords={C++ language;decoding;hardware-software codesign;industrial property;video coding;C++ class library;MPEG-2 video decoder;SystemC;concurrency;embedded software;functionality;gate counts;reactivity;software engineers;system-level design;system-level intellectual property;system-on-chip;system-to-silicon design flows;systems engineers},
}

@INPROCEEDINGS{cosmic,
        author={Ziegler, J. and Lanford, W.},
        booktitle={IEEE International Solid-State Circuits Conference. Digest of Technical Papers},
        title={The effect of sea level cosmic rays on electronic devices},
        year={1980},
        volume={XXIII},
        pages={70-71},
        keywords={Charge measurement;Cosmic rays;Current measurement;Electronic circuits;Ionization;Laboratories;Physics;Sea level;Sea measurements;Silicon},
        doi={10.1109/ISSCC.1980.1156060},}

@ARTICLE{ground,
            author={Normand, E.},
            journal={IEEE Transactions on Nuclear Science},
            title={Single event upset at ground level},
            year={1996},
            volume={43},
            number={6},
            pages={2742-2750},
            keywords={DRAM chips;integrated circuit reliability;integrated circuit testing;neutron effects;DRAM chips;Weapons Neutron Research;atmospheric neutrons;computer systems;ground level;neutron beam;random access memory;single event upset;Aerospace electronics;Alpha particles;Biomedical measurements;Computer errors;Neutrons;Packaging;Particle beams;Random access memory;Read-write memory;Single event upset},
            doi={10.1109/23.556861},
            ISSN={0018-9499},}
@inproceedings{Fin2001,
 author = {Fin, A. and Fummi, F. and Pravadelli, G.},
 title = {AMLETO: A Multi-language Environment for Functional Test Generation},
 series = {ITC '01},
 booktitle = {Proceedings IEEE International Test Conference},
}
@article{Bruschi2005,
 author = {Bruschi, F. and Ferrandi, F. and Sciuto, D.},
 title = {A framework for the functional verification of systemC models},
 journal = {Int. J. Parallel Program.},
 issue_date = {December 2005},
 volume = {33},
 number = {6},
 month = dec,
 year = {2005},
 issn = {0885-7458},
 pages = {667--695},
 numpages = {29},
}
@inproceedings{Rothbart2004,
 author = {Rothbart, K. and Neffe, U. and Steger, Ch. and Weiss, R. and Rieger, E. and Muehlberger, A.},
 title = {High Level Fault Injection for Attack Simulation in Smart Cards},
 series = {ATS '04},
 booktitle={Proceedings of the 13th Asian Test Symposium},
}
@inproceedings{Misera2006,
 author = {Misera, S. and Vierhaus, H. T. and Breitenfeld, L. and Sieber, A.},
 title = {A Mixed Language Fault Simulation of VHDL and SystemC},
 series = {DSD '06},
} 
@inproceedings{Martins2000,
 author = {Martins, E. and Rosa, A. C. A.},
 title = {A Fault Injection Approach Based on Reflective Programming},
 series = {DSN '00},
}
@inproceedings{Bolchini2008,
 author = {Bolchini, C. and Miele, A. and Sciuto, D.},
 title = {Fault Models and Injection Strategies in SystemC Specifications},
 series = {DSD '08},
 booktitle={11th EUROMICRO Conf. on Digital System Design - Architectures, Methods and Tools},
}
@inproceedings{Rotenberg1999,
 author = {Rotenberg, Eric},
 title = {AR-SMT: A Microarchitectural Approach to Fault Tolerance in Microprocessors},
 series = {FTCS '99},
}
@inproceedings{Mukherjee2002,
 author = {Mukherjee, Shubhendu S. and Kontz, Michael and Reinhardt, Steven K.},
 title = {Detailed design and evaluation of redundant multithreading alternatives},
 series = {ISCA '02},
} 
@inproceedings{Reis2005,
 author = {Reis, George A. and Chang, Jonathan and Vachharajani, Neil and Rangan, Ram and August, David I.},
 title = {SWIFT: Software Implemented Fault Tolerance},
 series = {CGO '05},
} 
@inproceedings{Austin1999,
 author = {Austin, Todd M.},
 title = {DIVA: a reliable substrate for deep submicron microarchitecture design},
 series = {MICRO 32},
} 
@inproceedings{Meixner2007,
 author = {Meixner, Albert and Bauer, Michael E. and Sorin, Daniel},
 title = {Argus: Low-Cost, Comprehensive Error Detection in Simple Cores},
 series = {MICRO 40},
} 
@inproceedings{Rajendiran2012,
 author = {Rajendiran, A. and Ananthanarayanan, S. and Patel, H. D. and Tripunitara, M. V. and Garg, S.},
 title = {Reliable computing with ultra-reduced instruction set co-processors},
 series = {DAC '12},
}
@inproceedings{Adve_usinglikely,
    author = {Sarita V. A and Vikram S. A and Yuanyuan Z.},
    title = {Using Likely Program Invariants to Detect Hardware Errors ∗ Swarup Kumar Sahoo, Man-Lap Li, Pradeep Ramachandran,},
    series = {DSN},
    year = {2008}
}
@inproceedings{Leem2010,
 author = {Leem, L. and Cho, H. and Bau, J. and Jacobson, Q.A. and Mitra, S.},
 title = {ERSA: error resilient system architecture for probabilistic applications},
 series = {DATE '10},
 booktitle = {Design, Automation and Test in Europe},
} 
@article{Apostolakis2009,
 author = {Apostolakis, A. and Gizopoulos, D. and Psarakis, M. and Paschalis, A.},
 title = {Software-Based Self-Testing of Symmetric Shared-Memory Multiprocessors},
 journal = {IEEE Trans. Comput.},
 issue_date = {December 2009},
 volume = {58},
 number = {12},
 month = dec,
 year = {2009},
 issn = {0018-9340},
 pages = {1682--1694},
 numpages = {13},
} 
@article{Theodorou2013,
 author = {Theodorou, G. and Kranitis, N. and Paschalis, A. and Gizopoulos, D.},
 title = {Software-based self test methodology for on-line testing of L1 caches in multithreaded multicore architectures},
 journal = {IEEE Trans. Very Large Scale Integr. Syst.},
 issue_date = {April 2013},
 volume = {21},
 number = {4},
 month = apr,
 year = {2013},
 issn = {1063-8210},
 pages = {786--790},
 numpages = {5},
} 
@inproceedings{Singh2013,
 author = {Singh, A. and Shafique, M. and Kumar, A. and Henkel, J.},
 title = {Mapping on multi/many-core systems: survey of current and emerging trends},
 series = {DAC '13},
}
@inproceedings{Das2013,
 author = {Das, A. and Kumar, A. and Veeravalli, B.},
 title = {Reliability-driven task mapping for lifetime extension of networks-on-chip based multiprocessor systems},
 series = {DATE '13},
 booktitle = {Conference on Design, Automation and Test in Europe},
}
@inproceedings{Coskun2008,
 author = {Coskun, A. K. and Rosing, T. S. and Gross, K. C.},
 title = {Temperature management in multiprocessor SoCs using online learning},
 series = {DAC '08},
}
 BibTeX | BibTeX (beta) | EndNote | ACM Ref

@inproceedings{Hartman2012,
 author = {Hartman, A. S. and Thomas, D. E.},
 title = {Lifetime improvement through runtime wear-based task mapping},
 series = {CODES+ISSS '12},
} 
@inproceedings{Derin2011,
 author = {Derin, O. and Kabakci, D. and Fiorin, L.},
 title = {Online task remapping strategies for fault-tolerant Network-on-Chip multiprocessors},
 series = {NOCS '11},
 booktitle = {Fifth ACM/IEEE International Symposium on Networks-on-Chip},
}
@inproceedings{Schor2012,
 author = {Schor, L. and Bacivarov, I. and Rai, D. and Yang, H. and Kang, S. and Thiele, L.},
 title = {Scenario-based design flow for mapping streaming applications onto on-chip many-core systems},
 series = {CASES '12},
}
@inproceedings{Lee2010,
 author = {Lee, C. and Kim, H. and Park, H. and Kim, S. and Oh, H. and Ha, S.},
 title = {A task remapping technique for reliable multi-core embedded systems},
 series = {CODES/ISSS '10},
}
@inproceedings{Leveugle2004,
 author = {Leveugle, R. and Ammari, A.},
 title = {Early SEU Fault Injection in Digital, Analog and Mixed Signal Circuits: A Global Flow},
 series = {DATE '04},
}
@article{Cha1996,
 author = {Cha, H. and Rudnick, E.M. and Patel, J.H. and Iyer, R.K. and Choi, G.S.},
 title = {A Gate-Level Simulation Environment for Alpha-Particle-Induced Transient Faults},
 journal = {IEEE Trans. Comput.},
 issue_date = {November 1996},
 volume = {45},
 number = {11},
 month = nov,
 year = {1996},
 issn = {0018-9340},
 pages = {1248--1256},
}
@inproceedings{Chen2008,
 author = {Chen, D. and Jacques-Silva, G. and Kalbarczyk, Z. and Iyer, R.K. and Mealey, B.},
 title = {Error Behavior Comparison of Multiple Computing Systems: A Case Study Using Linux on Pentium, Solaris on SPARC, and AIX on POWER},
 series = {PRDC '08},
 booktitle = {14th IEEE Pacific Rim International Symposium on Dependable Computing},
}
@inproceedings{Cho2013,
 author = {Cho, H. and Mirkhani, S. and Cher, C. and Abraham, J. A. and Mitra, S.},
 title = {Quantitative evaluation of soft error injection techniques for robust system design},
 series = "{DAC '13}",
 booktitle = {Proceedings of the 50th Annual Design Automation Conference},
} 
@inproceedings{Rehman2011,
 author = {Rehman, S. and Shafique, M. and Kriebel, F. and Henkel, J.},
 title = {Reliable software for unreliable hardware: embedded code generation aiming at reliability},
 series = {CODES+ISSS},
 year = {2011},
 acmid = {2039408},
}

@inbook{chattopadhyay08a,
author = "{A. Chattopadhyay, H. Meyr and R. Leupers}",
booktitle = {Processor Description Languages},
title = "{LISA: A Uniform ADL for Embedded Processor Modeling, Implementation and Software Toolsuite Generation}",
year = {2008},
month = {jun},
pages = {95-130},
ISBN= {978-0-12374-287-2},
chapter = {5},
publisher = {Morgan Kaufmann},
}

@Manual{ARM9,
  organization = "{ARM}",
  title =        "http://www.arm.com/products/processors/classic/arm9/index.php"
}

@inproceedings{MichaelFDL11,
  author    = "{M. Michael and
               D. Gro{\ss}e and
               R. Drechsler}",
  title     = "{Analyzing dependability measures at the Electronic System Level}",
  series    = {FDL '11},
  booktitle = {Forum on Specification {\&} Design Languages},
}

@inproceedings{Kahn74,
  author = {Kahn, G},
  title = {The Semantics of Simple Language for Parallel Programming.},
  booktitle = {IFIP Congress '74},
}
@inproceedings{wang13b,
author = "{Z. Wang, R. Li and A. Chattopadhyay}",
booktitle = {8th IEEE International Design and Test Symposium (IDT)},
title = {Opportunistic Redundancy for Improving Reliability of Embedded Processors},
year = {2013},
}

@article{KrishnaswamyVMH08,
  author    = "{S. Krishnaswamy, G. F. Viamontes, I. L. Markov and J. P. Hayes}",
  title     = "{Probabilistic transfer matrices in symbolic reliability analysis of logic circuits}",
  journal   = {ACM Trans. Design Autom. Electr. Syst.},
  volume    = {13},
  number    = {1},
  year      = {2008},
  ee        = {http://doi.acm.org/10.1145/1297666.1297674},
  bibsource = {DBLP, http://dblp.uni-trier.de}
}

@inproceedings{rehman_reliability_aware_scheduling,
 author = "{S. Rehman, M. Shafique and J. Henkel}",
 title = "{Instruction scheduling for reliability-aware compilation}",
 series = {DAC '12},
 year = {2012},
 isbn = {978-1-4503-1199-1},
 location = {San Francisco, California},
 pages = {1292--1300},
 numpages = {9},
 url = {http://doi.acm.org/10.1145/2228360.2228601},
 doi = {10.1145/2228360.2228601},
 acmid = {2228601},
 publisher = {ACM}
} 

@inproceedings{rehman_raise,
author="{S. Rehman, M. Shafique, F. Kriebel and J. Henkel}",
booktitle={ASP-DAC '12}, 
title="{RAISE: Reliability-Aware Instruction SchEduling for unreliable hardware}",
year={2012},
month={30 2012-feb. 2},
volume={},
number={},
pages={671 -676},
keywords={RAISE;compilation;compile time;critical instructions;instruction execution;pipeline stages;processor resources;reliability aware instruction scheduling;software failures;spatial vulnerabilities;static reliability estimation;temporal vulnerabilities;instruction sets;pipeline processing;processor scheduling;program compilers;resource allocation;software fault tolerance;},
doi={10.1109/ASPDAC.2012.6165040},
ISSN={2153-6961}
}

@inbook{chattopadhyay08a,
author = "{A. Chattopadhyay, H. Meyr and R. Leupers}",
booktitle = {Processor Description Languages},
title = "{LISA: A Uniform ADL for Embedded Processor Modelling, Implementation and Software Toolsuite Generation}",
year = {2008},
month = {jun},
pages = {95-130},
ISBN= {978-0-12374-287-2},
chapter = {5},
publisher = {Morgan Kaufmann},
}

@article{abdalla_viterbi,
  author    = "{R. Abdallah and N. Shanbhag}",
  title     = "{Error-resilient Low-power Viterbi Decoder Architectures}",
  journal   = {IEEE Trans. on Signal Processing},
  volume    = {57},
  number    = {12},
  year      = {2009},
  pages     = {4906-4917},
}

@article{ahmed11,
  author    = "{S. Ahmed}",
  title     = "{Unequal Error Protection Using Fountain Codes With Applications to Video Communication}",
  journal   = {IEEE Trans. on Multimedia},
  volume    = {13},
  number    = {1},
  year      = {2011},
  pages     = {92-101},
}

@INPROCEEDINGS{amir01,
author="{K. Amir and B. Eric}",
booktitle="{Proceedings of the 2001 IEEE International Symposium on Defect and Fault Tolerance in VLSI Systems}", 
title="{Fast, Minimal Decoding Complexity, System Level, Binary Systematic (41, 32) Single-Error-Correcting Codes For On-chip DRAM Applications}",
pages={308-313},
}

@INPROCEEDINGS{baloch05,
author="{S. Baloch, T. Arslan and A. Stoica}",
booktitle="{IEEE Aerospace}", 
title="{Efficient Error Correcting Codes for On-Chip DRAM Applications for Space Missions}",
pages={1-9},
year={2005},
}

@article{berlekamp78,
  author    = "{E. Berlekamp, R. McEliece and H. van Tilborg}",
  title     = "{On the Inherent Intractability of Certain Coding Problems}",
  journal   = {IEEE Trans. on Information Theory},
  volume    = {24},
  number    = {3},
  year      = {1978},
  pages     = {384-386},
}

@article{borade09,
  author    = "{S. Borade, B. Nakiboglu and L. Zheng}",
  title     = "{Unequal Error Protection: An Information-theoretic Perspective}",
  journal   = {IEEE Transactions on Information Theory},
  volume    = {55},
  number    = {12},
  year      = {2009},
  pages     = {5511-5539},
}

@article{chang08,
  author    = "{Y. Chang, S. Lee and R. Komyia}",
  title     = "{A Fast Forward Error Correction Allocation Algorithm for Unequal Error Protection of Video Transmission over Wireless Channels}",
  journal   = {IEEE Trans. Consumer Electronics},
  volume    = {54},
  number    = {3},
  year      = {2008},
  pages     = {1066-1073},
}

@inproceedings{grover10,
  author = "{P. Grover, H. Palaiyanur and A. Sahai}",
  booktitle = {ISIT},
  pages = {2373-2377},
  title = {Information-theoretic tradeoffs of throughput and chip power consumption for decoding error-correcting codes},
  year = 2010
}

@article{hamming50,
  author    = "{R. W. Hamming}",
  title     = "{Error Detecting and Error Correcting Codes}",
  journal   = {The Bell System Technical Journal},
  volume    = {XXVI},
  number    = {2},
  year      = {1950},
  pages     = {147-160},
}

@inproceedings{hegde_ant,
 author    = "{R. Hegde and N.R. Shanbhag}",
 title     = "{Energy-efficient Signal Processing via Algorithmic Noise-tolerance}",
 series = {ISLPED '99},
% year = {1999},
 pages = {30--35},
}

@inproceedings{kahng_vasco,
  author    = "{A. Kahng, S. Kang, R. Kumar, and J. Sartori}",
  booktitle = {HPCA},
  title = "{Designing Processors from the Ground up to Allow Voltage/Reliability Tradeoffs}",
  year = 2010
}

@inproceedings{burg_wireless,
  author = {Karakonstantis, Georgios and Roth, Christoph and Benkeser, Christian and Burg, Andreas},
  booktitle = {DAC},
  pages = {510-515},
  title = "{On the Exploitation of the Inherent Error Resilience of Wireless Systems under Unreliable Silicon}",
  year = 2012
}

@article{karakon_unequal,
  author = {Karakonstantis, Georgios and Mohapatra, Debabrata and Roy, Kaushik},
  journal = {Signal Processing Systems},
  number = 3,
  pages = {415-431},
  title = "{Logic and Memory Design Based on Unequal Error Protection for Voltage-scalable, Robust and Adaptive DSP Systems}",
  volume = 68,
  year = 2012
}

@inbook{koren_book,
author = "{I. Koren and C. M. Krishna}",
title = "{Fault-Tolerant Systems}",
year = {2007},
publisher = {Morgan Kaufmann},
}

@article{krishnaswamy_ptm,
  author = {Krishnaswamy, Smita and Viamontes, George F. and Markov, Igor L. and Hayes, John P.},
  journal = {ACM Trans. Design Autom. Electr. Syst.},
  number = 1,
  title = "{Probabilistic Transfer Matrices in Symbolic Reliability Analysis of Logic Circuits}",
  volume = 13,
  year = 2008
}

@article{lee_video,
  author = {Lee, Kyoungwoo and Dutt, Nikil and Venkatasubramanian, Nalini},
  journal = {ACM Trans. Embedded Comput. Syst.},
  number = 2,
  pages = 37,
  title = "{EAVE: Error-Aware Video Encoding Supporting Extended Energy/QoS Trade-offs for Mobile Embedded Systems}",
  volume = 11,
  year = 2012
}

@article{lee_compiler_ser,
  author = {Lee, Jongeun and Shrivastava, Aviral},
  journal = {IEEE Trans. on CAD of Integrated Circuits and Systems},
  number = 7,
  pages = {1018-1027},
  title = "{A Compiler-Microarchitecture Hybrid Approach to Soft Error Reduction for Register Files}",
  volume = 29,
  year = 2010
}

@article{mitra_ersa,
  author = "{H. Cho, L. Leem and S. Mitra}",
  journal = {IEEE Trans. on CAD of Integrated Circuits and Systems},
  number = 4,
  pages = {546-558},
  title = "{ERSA: Error Resilient System Architecture for Probabilistic Applications}",
  volume = 31,
  year = 2012
}

@article{myint12,
  author = "{L. Myint and P. Supnithi}",
  journal = {J. Appl. Phys.},
  title = "{Unequal Error Correction Strategy for Magnetic Recording Systems with Multi-track Processing}",
  volume = 111,
  year = 2012
}

@article{narayanan_embedded_reliability,
  author = {Vijaykrishnan, Narayanan and Xie, Yuan},
  journal = {IEEE Computer},
  number = 1,
  pages = {118-120},
  title = "{Reliability Concerns in Embedded System Designs}",
  volume = 39,
  year = 2006
}

@inproceedings{nasser08,
  author = "{R. Naseer}",
  booktitle = {ESSCIRC},
  pages = {222-225},
  title = "{Parallel Double Error Correcting Code Design to Mitigate Multi-bit Upsets in SRAMs}",
  year = 2008
}

@article{oh_duplicate,
  author = {Oh, Nahmsuk and Shirvani, Philip P. and McCluskey, Edward J.},
  journal = {IEEE Transactions on Reliability},
  number = 1,
  pages = {63-75},
  title = "{Error Detection by Duplicated Instructions in Super-scalar Processors}",
  volume = 51,
  year = 2002
}

@article{paul11,
  author = {Paul, Somnath and Cai, Fang and Zhang, Xinmiao and Bhunia, Swarup},
  journal = {IEEE Trans. Computers},
  number = 1,
  pages = {20-34},
  title = "{Reliability-Driven ECC Allocation for Multiple Bit Error Resilience in Processor Cache}",
  volume = 60,
  year = 2011
}

@inbook{pradhan_book,
author = "{D. K. Pradhan (Ed.)}",
title = "{Fault-Tolerant Computing: Theory and Techniques}",
year = {1986},
publisher = {Prentice-Hall, Inc.},
}


@inproceedings{reinhardt_smt,
 author = "{S. K. Reinhardt and S. S Mukherjee}",
 title = "{Transient Fault Detection via Simultaneous Multithreading}",
 series = {ISCA '00},
 year = {2000},
 pages = {25--36},
} 

@inproceedings{shanbhag_stochastic,
  author = {Shanbhag, Naresh R. and Abdallah, Rami A. and Kumar, Rakesh and Jones, Douglas L.},
  booktitle = {DAC},
  pages = {859-864},
  title = "{Stochastic Computation}",
  year = 2010
}

@inproceedings{shannon49,
  author = "{C. E. Shannon}",
  booktitle = {Proceedings of Institute of Radio Engineers},
  pages = {10-21},
  title = "{Communication in the Presence of Noise}",
  volume = 37,
  year = 1949
}

@article{spielman96,
    author = {Daniel A. Spielman},
    title = "{Linear-Time Encodable and Decodable Error-Correcting Codes}",
    journal = {IEEE Transactions on Information Theory},
    year = {1996},
    volume = {42},
    pages = {388--397}
}

@article{MukhopadhyayMR05,
  author    = {Saibal Mukhopadhyay and
               Hamid Mahmoodi-Meimand and
               Kaushik Roy},
  title     = "{Modeling of failure probability and statistical design of SRAM array for yield enhancement in nanoscaled CMOS}",
  journal   = {IEEE Trans. on CAD of Integrated Circuits and Systems},
  volume    = {24},
  number    = {12},
  year      = {2005},
  pages     = {1859-1880},
}


@inproceedings{Bansal12,
  author = "{A. Bansal, J. J. Kim and R. Rao}",
  booktitle = {IEEE International Reliability Physics Symposium (IRPS)},
  pages = {2F.6.1-2F.6.4},
  title = "{Usage-based degradation of SRAM arrays due to bias temperature instability}",
  year = 2012
}

@inproceedings{WangZDate13,
 author = "{Z. Wang, K. Singh, C. Chen and A. Chattopadhyay}",
 title = "{Accurate and efficient reliability estimation techniques during ADL-driven embedded processor design}",
 booktitle = {Proceedings of the Conference on Design, Automation and Test in Europe},
 series = {DATE},
 year = {2013},
 isbn = {978-1-4503-2153-2},
 location = {Grenoble, France},
 pages = {547--552},
}

@inproceedings{WangZISQED13,
    author = "{Z. Wang, C. Chen and A. Chattopadhyay}",
 booktitle = {ISQED},
  pages = {265-272},
  title = "{Fast reliability exploration for embedded processors via high-level fault injection}",
  year = 2013
}

@inproceedings{ChoMCAM13,
  author    = {H. Cho and
               S. Mirkhani and
               C. Cher and
               J. A. Abraham and
               S. Mitra},
  title     = {Quantitative evaluation of soft error injection techniques
               for robust system design},
  booktitle = {DAC},
  year      = {2013},
  pages     = {101},
}

@article{GuptaMRR13,
  author    = {V. Gupta and
               D. Mohapatra and
               A. Raghunathan and
               K. Roy},
  title     = {Low-Power Digital Signal Processing Using Approximate Adders},
  journal   = {IEEE Trans. on CAD of Integrated Circuits and Systems},
  volume    = {32},
  number    = {1},
  year      = {2013},
  pages     = {124-137},
}

@article{KrishnaswamyVMH08,
  author    = {S. Krishnaswamy and
               G. F. Viamontes and
               I. L. Markov and
               J. P. Hayes},
  title     = {Probabilistic transfer matrices in symbolic reliability
               analysis of logic circuits},
  journal   = {ACM Trans. Design Autom. Electr. Syst.},
  volume    = {13},
  number    = {1},
  year      = {2008},
}

@article{Palem2013,
 author = {K. Palem and A. Lingamneni},
 title = {Ten Years of Building Broken Chips: The Physics and Engineering of Inexact Computing},
 journal = {ACM Trans. Embed. Comput. Syst.},
 issue_date = {May 2013},
 volume = {12},
 number = {2s},
 month = may,
 year = {2013},
 issn = {1539-9087},
 pages = {87:1--87:23},
 articleno = {87},
 numpages = {23},
 url = {http://doi.acm.org/10.1145/2465787.2465789},
 doi = {10.1145/2465787.2465789},
 acmid = {2465789},
 publisher = {ACM},
 address = {New York, NY, USA},
 keywords = {Co-design, EDA, Moore's law, VLSI design, energy-accuracy trade-off, inexact circuit design, low power/energy, probabilistic CMOS},
}

@inproceedings{Keding98icspat,
author = {H. Keding, F. Hürtgen, M. Willems, and M. Coors},
booktitle = {Proc. Int. Conf. on Signal Processing Application and Technology (ICSPAT)},
title = {Transformation of Floating-Point into Fixed-Point Algorithms by Interpolation Applying a Statistical Approach},
year = {1998},
month = {sep},
address = {Toronto},
journal = {Proc. Int. Conf. on Signal Processing Application and Technology (ICSPAT)},
}

@article{medianfilter,
  author    = {T. Huang and
               G. Yang and
               G. Tang},
  title     = {A fast two-dimensional median filtering algorithm},
  journal   = {IEEE Trans. Acoust., Speech, Signal Processing},
  volume    = {27},
  number    = {1},
  pages = {13--18},
  year      = {1979},
}

@book{Cormen2001,
 author = {Cormen, Thomas H. and Stein, Clifford and Rivest, Ronald L. and Leiserson, Charles E.},
 title = {Introduction to Algorithms},
 year = {2001},
 isbn = {0070131511},
 edition = {2nd},
 publisher = {McGraw-Hill Higher Education},
}

@inproceedings{DBLP:conf/dac/ChoMCAM13,
  author    = {Hyungmin Cho and
               Shahrzad Mirkhani and
               Chen-Yong Cher and
               Jacob A. Abraham and
               Subhasish Mitra},
  title     = {Quantitative evaluation of soft error injection techniques
               for robust system design},
  booktitle = {DAC},
  year      = {2013},
  pages     = {101},
  ee        = {http://doi.acm.org/10.1145/2463209.2488859},
  crossref  = {DBLP:conf/dac/2013},
  bibsource = {DBLP, http://dblp.uni-trier.de}
}

@article{littlewood1996impact,
  title={The impact of diversity upon common mode failures},
  author={Littlewood, B.},
  journal={Reliability Engineering \& System Safety},
  volume={51},
  number={1},
  pages={101--113},
  year={1996},
  publisher={Elsevier}
}

@article{avizienis1984fault,
  title={Fault tolerance by design diversity: Concepts and experiments},
  author={Avizienis, A. and Kelly, J. PJ},
  journal={Computer},
  volume={17},
  number={8},
  pages={67--80},
  year={1984},
  publisher={IEEE}
}

@article{lala1994architectural,
  title={Architectural principles for safety-critical real-time applications},
  author={Lala, J. H. and Harper, R. E.},
  journal={Proceedings of the IEEE},
  volume={82},
  number={1},
  pages={25--40},
  year={1994},
  publisher={IEEE}
}

@inproceedings{riter1995modeling,
  title={Modeling and testing a critical fault-tolerant multi-process system},
  author={Riter, R.},
  booktitle={Fault-Tolerant Computing, FTCS-25.},
  pages={516--521},
  year={1995},
}

@article{mitra2002design,
  title={A design diversity metric and analysis of redundant systems},
  author={Mitra, S. and Saxena, N. R. and McCluskey, E. J.},
  journal={IEEE Transactions on Computers},
  volume={51},
  number={5},
  pages={498--510},
  year={2002},
  publisher={IEEE}
}

@article{mitra2004efficient,
  title={Efficient design diversity estimation for combinational circuits},
  author={Mitra, S. and Saxena, N. R. and McCluskey, E. J.},
  journal={IEEE Transactions on Computers},
  volume={53},
  number={11},
  pages={1483--1492},
  year={2004},
  publisher={IEEE}
}

@inproceedings{wang2012asic,
  title={ASIC synthesis using architecture description language},
  author={Wang, Z. and Wang, X. and Chattopadhyay, A. and Rakosi, Z. E.},
  booktitle={International Symposium on VLSI Design, Automation, and Test (VLSI-DAT)},
  pages={1--4},
  year={2012},
}

@inproceedings{rakossy2014efficient,
  title={Efficient and scalable CGRA-based implementation of Column-wise Givens Rotation},
  author={R{\'a}kossy, Z. E. and Merchant, F. and Acosta-Aponte, A. and Nandy, SK. and Chattopadhyay, A.},
  booktitle={25th International Conference on Application-specific Systems, Architectures and Processors (ASAP)},
  pages={188--189},
  year={2014},
}

@inproceedings{witte2005applying,
  title={Applying resource sharing algorithms to ADL-driven automatic ASIP implementation},
  author={Witte, E. M. and Chattopadhyay, A. and Schliebusch, O. and Kammler, D. and Leupers, R. and Ascheid, G. and Meyr, H.},
  booktitle={ICCD 2005},
  pages={193--199},
  year={2005},
}

@article{gordon2004measurement,
  title={Measurement of the flux and energy spectrum of cosmic-ray induced neutrons on the ground},
  author={Gordon, M. S. and Goldhagen, P. and Rodbell, K. P. and Zabel, TH. and Tang, HHK. and Clem, JM. and Bailey, P.},
  journal={IEEE Transactions on Nuclear Science},
  volume={51},
  number={6},
  pages={3427--3434},
  year={2004},
  publisher={IEEE}
}

@book{pradhan1996fault,
  title={Fault-tolerant computer system design},
  author={Pradhan, D. K.},
  year={1996},
  publisher={Prentice-Hall}
}

@inproceedings{rajendiran2012reliable,
  title={Reliable computing with ultra-reduced instruction set co-processors},
  author={Rajendiran, A. and Ananthanarayanan, S. and Patel, H. D. and Tripunitara, M. V. and Garg, S.},
  booktitle={Proceedings of the 49th Design Automation Conference},
  pages={697--702},
  year={2012},
}

@book{koren2010fault,
  title={Fault-tolerant systems},
  author={Koren, I. and Krishna, C. M.},
  year={2010},
  publisher={Morgan Kaufmann}
}

@inproceedings{mukherjee2002detailed,
  title={Detailed design and evaluation of redundant multi-threading alternatives},
  author={Mukherjee, S. S. and Kontz, M. and Reinhardt, S. K.},
  booktitle={Proceedings. 29th Annual International Symposium on Computer Architecture},
  pages={99--110},
  year={2002},
}

@inproceedings{reis2005swift,
  title={SWIFT: Software implemented fault tolerance},
  author={Reis, G. A. and Chang, J. and Vachharajani, N. and Rangan, R. and August, D. I.},
  booktitle={Proceedings of the International Symposium on Code Generation and Optimization},
  pages={243--254},
  year={2005},
}

@inproceedings{cho2013quantitative,
  title={Quantitative evaluation of soft error injection techniques for robust system design},
  author={Cho, H. and Mirkhani, S. and Cher, C.-Y. and Abraham, J. A. and Mitra, S.},
  booktitle={Design Automation Conference (DAC) },
  pages={1--10},
  year={2013},
}

@inproceedings{Shalf2010ECT,
 author = {Shalf, John and Dosanjh, Sudip and Morrison, John},
 title = {Exascale Computing Technology Challenges},
 booktitle = {Proceedings of the 9th International Conference on High Performance Computing for Computational Science},
 series = {VECPAR'10},
 year = {2011},
 location = {Berkeley, CA},
 pages = {1--25},
}

@article{borkar2010exascale,
  title={The exascale challenge},
  author={Borkar, Shekhar},
  journal={Proc. VLSI-DAT},
  year={2010}
}

@misc{semiconductor2004soft,
  title={Soft errors in electronic memory-a white paper},
  author={Semiconductor, Tezzaron},
  year={2004}
}

@inproceedings{li2011system,
  title={System implications of memory reliability in exascale computing},
  author={Li, Sheng and Chen, Ke and Hsieh, Ming-Yu and Muralimanohar, Naveen and Kersey, Chad D and Brockman, Jay B and Rodrigues, Arun F and Jouppi, Norman P},
  booktitle={Proceedings of 2011 International Conference for High Performance Computing, Networking, Storage and Analysis},
  pages={46},
  year={2011},
  organization={ACM}
}

@inproceedings{dong2009leveraging,
  title={Leveraging 3D PCRAM technologies to reduce checkpoint overhead for future exascale systems},
  author={Dong, Xiangyu and Muralimanohar, Naveen and Jouppi, Norm and Kaufmann, Richard and Xie, Yuan},
  booktitle={Proceedings of the Conference on High Performance Computing Networking, Storage and Analysis},
  year={2009},
  organization={ACM}
}

@article{huynh2008scope,
  title={Scope of validity of PSNR in image/video quality assessment},
  author={Huynh-Thu, Quan and Ghanbari, Mohammed},
  journal={Electronics letters},
  volume={44},
  number={13},
  pages={800--801},
  year={2008},
  publisher={IET}
}

@book{gonzalez2009digital,
  title={Digital image processing},
  author={Gonzalez, Rafael C},
  year={2009},
  publisher={Pearson Education India}
}

@inproceedings{banerjee2007process,
  title={Process variation tolerant low power DCT architecture},
  author={Banerjee, Nilanjan and Karakonstantis, Georgios and Roy, Kaushik},
  booktitle={Proceedings of the conference on Design, automation and test in Europe},
  pages={630--635},
  year={2007},
  organization={EDA Consortium}
}

@article{august2004low,
  title={Low power design of DCT and IDCT for low bit rate video codecs},
  author={August, Nathaniel J and Ha, Dong Sam},
  journal={IEEE Transactions on Multimedia},
  year={2004},
  publisher={IEEE}
}

@article{huang2005hotspot,
  title={HotSpot: Thermal modeling for CMOS VLSI systems},
  author={Huang, Wei and Ghosh, Shougata and Sankaranarayanan, Karthik and Skadron, Kevin and Stan, Mircea R},
  journal={IEEE Transactions on Component Packaging and Manufacturing Technology},
  pages={200--205},
  year={2005}
}

@Manual{hotspotmanual,
  organization = "{HotSpot 6.0}",
  title =        "Documentation\\
                  http://lava.cs.virginia.edu/HotSpot/documentation.htm"
}

@article{alam2005comprehensive,
  title={A comprehensive model of PMOS NBTI degradation},
  author={Alam, Muhammad Ashraful and Mahapatra, S},
  journal={Microelectronics Reliability},
  volume={45},
  number={1},
  pages={71--81},
  year={2005},
  publisher={Elsevier}
}

@article{kanda2001design,
  title={Design impact of positive temperature dependence on drain current in sub-1-V CMOS VLSIs},
  author={Kanda, Kouichi and Nose, Kouichi and Kawaguchi, Hiroshi and Sakurai, Takayasu},
  journal={Solid-State Circuits, IEEE Journal of},
  volume={36},
  number={10},
  pages={1559--1564},
  year={2001},
  publisher={IEEE}
}

@article{sakurai1990alpha,
  title={Alpha-power law MOSFET model and its applications to CMOS inverter delay and other formulas},
  author={Sakurai, Takayasu and others},
  journal={Solid-State Circuits, IEEE Journal of},
  volume={25},
  number={2},
  pages={584--594},
  year={1990},
  publisher={IEEE}
}

@inproceedings{SassoneCMMPGMBR12,
  author    = {Alessandro Sassone and
               Andrea Calimera and
               Alberto Macii and
               Enrico Macii and
               Massimo Poncino and
               Richard Goldman and
               Vazgen Melikyan and
               Eduard Babayan and
               Salvatore Rinaudo},
  title     = {Investigating the effects of Inverted Temperature Dependence {(ITD)}
               on clock distribution networks},
  booktitle = {2012 Design, Automation {\&} Test in Europe Conference {\&}
               Exhibition, {DATE} 2012},
  pages     = {165--166},
  year      = {2012},
}

@article{zhao2006new,
  title={New generation of predictive technology model for sub-45 nm early design exploration},
  author={Zhao, Wei and Cao, Yu},
  journal={Electron Devices, IEEE Transactions on},
  volume={53},
  number={11},
  pages={2816--2823},
  year={2006},
  publisher={IEEE}
}

@article{harary1996node,
  title={Node fault tolerance in graphs},
  author={Harary, Frank and Hayes, John P},
  journal={Networks},
  volume={27},
  number={1},
  pages={19--23},
  year={1996},
  publisher={Wiley Online Library}
}

@book{cormen2009introduction,
  title={Introduction to algorithms},
  author={Cormen, Thomas H},
  year={2009},
  publisher={MIT press}
}

@inproceedings{fastReliability,
    author = "{Z. Wang and C. Chen and A. Chattopadhyay}",
    title = {Fast Reliability Exploration for Embedded Processors via High-level Fault Injection},
    booktitle = {International Symposium on Quality Electronic Design, ISQED},
    year = {2013},
}

@inproceedings{wang13DATE,
author = "{Z. Wang, K. Singh, C. Chen and A. Chattopadhyay}",
booktitle = {Design Automation and Test in Europe, DATE},
title = {Accurate and Efficient Reliability Estimation Techniques during ADL-Driven Embedded Processor Design},
year = {2013},
pages = {547-552},
}

@book{systemCBook,
 author = {David C. Black and Jack Donovan and Bill Bunton and Anna Keist},
 title = {SystemC: From the Ground Up},
 year = {2010},
 isbn = {0387699570, 978-0387699578},
 edition = {2nd},
 publisher = {Springer},
}

@book{MPSoCBook,
 author = {Ahmed Amine Jerraya and Wayne Wolf},
 title = {Multiprocessor Systems-on-Chips},
 year = {2005},
 isbn = {0-12385-251-X},
 publisher = {Elsevier Inc.},
}


@online{pct,
  title = {Synopsys Platform Architect Introduction},
  url = {http://www.synopsys.com/Systems/ArchitectureDesign/Pages/PlatformArchitect.aspx},
  note = {Accessed: 2013-07-21}
}

@inproceedings{CastrillonICCAD2009,
    author = {J. Castrillon and D. Zhang and T. Kempf and B. Vanthournout and R. Leupers and G. Ascheid},
    title = {Task Management in MPSoCs: an ASIP Approach},
    series = {ICCAD'09},
}

@inbook{chattopadhyay08a,
author = "{A. Chattopadhyay, H. Meyr and R. Leupers}",
booktitle = {Processor Description Languages},
title = "{LISA: A Uniform ADL for Embedded Processor Modeling, Implementation and Software Toolsuite Generation}",
year = {2008},
month = {jun},
pages = {95-130},
ISBN= {978-0-12374-287-2},
chapter = {5},
publisher = {Morgan Kaufmann},
}

@InProceedings{vN56,
author={J. von Neumann},
title={Probabilistic logics and synthesis of reliable organisms from unreliable components},
booktitle={Automata Studies},
year={1956},

editor={C. Shannon and J. McCarthy},
pages={43--98},
organization={},
publisher={Princeton University Press},
series={},
volume={},
address={},
month={},
note={},
key={}
}

@book{leupers10a,
author = {Rainer Leupers and O. Temam},
title = "{Processor and System-on-Chip Simulation}",
year = "{2010, ISBN: 978-1-44196-174-7}",
month = {Sep},
ISBN= {978-1-44196-174-7},
publisher = {Springer},
}

@conference{rotenberg1999ar,
  title={{AR-SMT: A microarchitectural approach to fault tolerance in microprocessors}},
  author={Rotenberg, E.},
  booktitle={FTCS},
  pages={84--93},
  year={1999},
  organization={IEEE COMPUTER SOCIETY PRESS}
}

@Book{lin-costello-book,
author = {Lin, S. and Costello,Jr., D.J.},
title = {Error Control Coding: Fundamentals and Applications},
publisher = {Prentice Hall, Englewood Cliffs, NJ.},
year = {1983}
}

@inproceedings{Guthaus,
abstract = {This paper examines a set of commercially representative embedded programs and compares them to an existing benchmark suite, SPEC2000. A new version of SimpleScalar that has been adapted to the ARM instruction set is used to characterize the performance of the benchmarks using configurations similar to current and next generation embedded processors. Several characteristics distinguish the representative embedded programs from the existing SPEC benchmarks including instruction distribution, memory behavior, and available parallelism. The embedded benchmarks, called MiBench, are freely available to all researchers.},
author = {Guthaus, M.R. and Ringenberg, J.S. and Ernst, D. and Austin, T.M. and Mudge, T. and Brown, R.B.},
booktitle = {Proceedings of the Fourth Annual IEEE International Workshop on Workload Characterization. WWC-4 (Cat. No.01EX538)},
doi = {10.1109/WWC.2001.990739},
file = {:D$\backslash$:/Germany/RWTH/Semester 04/thesis/MiBench.pdf:pdf},
isbn = {0-7803-7315-4},
pages = {3--14},
publisher = {IEEE},
title = {{MiBench: A free, commercially representative embedded benchmark suite}},
url = {http://ieeexplore.ieee.org/xpl/articleDetails.jsp?arnumber=990739}
}

@inproceedings{Rajendiran:URISC,
 author = {Rajendiran, Aravindkumar and Ananthanarayanan, Sundaram and Patel, Hiren D. and Tripunitara, Mahesh V. and Garg, Siddharth},
 title = {Reliable computing with ultra-reduced instruction set co-processors},
 booktitle = {Proceedings of the 49th Annual Design Automation Conference},
 series = {DAC '12},
 year = {2012},
 isbn = {978-1-4503-1199-1},
 location = {San Francisco, California},
 pages = {697--702},
 numpages = {6},
 url = {http://doi.acm.org/10.1145/2228360.2228485},
 doi = {10.1145/2228360.2228485},
 acmid = {2228485},
 publisher = {ACM},
 address = {New York, NY, USA},
 keywords = {Turing-complete ISA, microprocessor reliability},
} 

@article{skadron2003temperature,
  title={Temperature-aware microarchitecture},
  author={Skadron, Kevin and Stan, Mircea R and Huang, Wei and Velusamy, Sivakumar and Sankaranarayanan, Karthik and Tarjan, David},
  journal={ACM SIGARCH Computer Architecture News},
  volume={31},
  number={2},
  pages={2--13},
  year={2003},
  publisher={ACM}
}

@inproceedings{donald2006techniques,
  title={Techniques for multicore thermal management: Classification and new exploration},
  author={Donald, James and Martonosi, Margaret},
  booktitle={ACM SIGARCH Computer Architecture News},
  volume={34},
  number={2},
  pages={78--88},
  year={2006},
  organization={IEEE Computer Society}
}

@article{faruque2012interfacing,
  title={Interfacing issues in multi-domain simulation tools},
  author={Faruque, MO and Dinavahi, Venkata and Steurer, M and Monti, A and Strunz, K and Martinez, JA and Chang, GW and Jatskevich, J and Iravani, R and Davoudi, A},
  journal={Power Delivery, IEEE Transactions on},
  volume={27},
  number={1},
  pages={439--448},
  year={2012},
  publisher={IEEE}
}

@article{muralimanohar2009cacti,
  title={CACTI 6.0: A tool to model large caches},
  author={Muralimanohar, Naveen and Balasubramonian, Rajeev and Jouppi, Norman P},
  journal={HP Laboratories},
  pages={22--31},
  year={2009}
}

@inproceedings{li2009mcpat,
  title={McPAT: an integrated power, area, and timing modeling framework for multicore and manycore architectures},
  author={Li, Sheng and Ahn, Jung Ho and Strong, Richard D and Brockman, Jay B and Tullsen, Dean M and Jouppi, Norman P},
  booktitle={Microarchitecture, 2009. MICRO-42. 42nd Annual IEEE/ACM International Symposium on},
  pages={469--480},
  year={2009},
  organization={IEEE}
}

@article{hsieh2011framework,
  title={A framework for architecture-level power, area, and thermal simulation and its application to network-on-chip design exploration},
  author={Hsieh, Ming-yu and Rodrigues, Arun and Riesen, Rolf and Thompson, Kevin and Song, William},
  journal={ACM SIGMETRICS Performance Evaluation Review},
  volume={38},
  number={4},
  pages={63--68},
  year={2011},
  publisher={ACM}
}

@inproceedings{terraneo2015accurate,
  title={An accurate simulation framework for thermal explorations and optimizations},
  author={Terraneo, Federico and Zoni, Davide and Fornaciari, William},
  booktitle={Proceedings of the 2015 Workshop on Rapid Simulation and Performance Evaluation: Methods and Tools},
  pages={5},
  year={2015},
  organization={ACM}
}

@inproceedings{ye2000design,
  title={The design and use of simplepower: a cycle-accurate energy estimation tool},
  author={Ye, W. and Vijaykrishnan, N. and Kandemir, M. and Irwin, M.J.},
  booktitle={Proceedings of the 37th Annual Design Automation Conference},
  pages={340--345},
  year={2000},
  organization={ACM}
}

@article{tiwari1994power,
  title={Power analysis of embedded software: a first step towards software power minimization},
  author={Tiwari, V. and Malik, S. and Wolfe, A.},
  journal={Very Large Scale Integration (VLSI) Systems, IEEE Transactions on},
  volume={2},
  number={4},
  pages={437--445},
  year={1994},
  publisher={IEEE}
}

@article{tiwari1996instruction,
  title={Instruction level power analysis and optimization of software},
  author={Tiwari, V. and Malik, S. and Wolfe, A. and Tien-Chien Lee, M.},
  journal={The Journal of VLSI Signal Processing},
  volume={13},
  number={2},
  pages={223--238},
  year={1996},
  publisher={Springer}
}

@article{landman1996activity,
  title={Activity-sensitive architectural power analysis},
  author={Landman, P.E. and Rabaey, J.M.},
  journal={Computer-Aided Design of Integrated Circuits and Systems, IEEE Transactions on},
  volume={15},
  number={6},
  pages={571--587},
  year={1996},
  publisher={IEEE}
}

@inproceedings{sarta1999data,
  title={A data dependent approach to instruction level power estimation},
  author={Sarta, D. and Trifone, D. and Ascia, G.},
  booktitle={Low-Power Design, 1999. Proceedings. IEEE Alessandro Volta Memorial Workshop on},
  pages={182--190},
  year={1999},
  organization={IEEE}
}

@inproceedings{varma2005instruction,
  title={Instruction-level power dissipation in the Intel XScale embedded microprocessor},
  author={Varma, A. and Debes, E. and Kozintsev, I. and Jacob, B.},
  booktitle={SPIE’s 17th Annual Symposium on Electronic Imaging Science \& Technology},
  year={2005}
}

@inproceedings{sultan2009rapid,
  title={Rapid software power estimation of embedded pipelined processor through instruction level power model},
  author={Sultan, S. and Masud, S.},
  booktitle={Performance Evaluation of Computer \& Telecommunication Systems, 2009. SPECTS 2009. International Symposium on},
  volume={41},
  pages={27--34},
  year={2009},
  organization={IEEE}
}

@inproceedings{laurent2004functional,
  title={Functional level power analysis: An efficient approach for modeling the power consumption of complex processors},
  author={Laurent, J. and Julien, N. and Senn, E. and Martin, E.},
  booktitle={Proceedings of the conference on Design, automation and test in Europe-Volume 1},
  pages={10666},
  year={2004},
  organization={IEEE Computer Society}
}

@article{blume2006hybrid,
  title={Hybrid functional and instruction level power modeling for embedded processors},
  author={Blume, H. and Becker, D. and Botteck, M. and Brakensiek, J. and Noll, T.},
  journal={Embedded Computer Systems: Architectures, Modeling, and Simulation},
  pages={216--226},
  year={2006},
  publisher={Springer}
}

@article{park2011multi,
  title={A multi-granularity power modeling methodology for embedded processors},
  author={Park, Y.H. and Pasricha, S. and Kurdahi, F.J. and Dutt, N.},
  journal={Very Large Scale Integration (VLSI) Systems, IEEE Transactions on},
  volume={19},
  number={4},
  pages={668--681},
  year={2011},
  publisher={IEEE}
}

@inproceedings{Singh2013,
 author = {Singh, A. and Shafique, M. and Kumar, A. and Henkel, J.},
 title = {Mapping on multi/many-core systems: survey of current and emerging trends},
 series = {DAC '13},
}
@inproceedings{Das2013,
 author = {Das, A. and Kumar, A. and Veeravalli, B.},
 title = {Reliability-driven task mapping for lifetime extension of networks-on-chip based multiprocessor systems},
 series = {DATE '13},
 booktitle = {Conference on Design, Automation and Test in Europe},
}
@inproceedings{Coskun2008,
 author = {Coskun, A. K. and Rosing, T. S. and Gross, K. C.},
 title = {Temperature management in multiprocessor SoCs using online learning},
 series = {DAC '08},
}
 BibTeX | BibTeX (beta) | EndNote | ACM Ref

@inproceedings{Hartman2012,
 author = {Hartman, A. S. and Thomas, D. E.},
 title = {Lifetime improvement through runtime wear-based task mapping},
 series = {CODES+ISSS '12},
} 
@inproceedings{Derin2011,
 author = {Derin, O. and Kabakci, D. and Fiorin, L.},
 title = {Online task remapping strategies for fault-tolerant Network-on-Chip multiprocessors},
 series = {NOCS '11},
 booktitle = {Fifth ACM/IEEE International Symposium on Networks-on-Chip},
}
@inproceedings{Schor2012,
 author = {Schor, L. and Bacivarov, I. and Rai, D. and Yang, H. and Kang, S. and Thiele, L.},
 title = {Scenario-based design flow for mapping streaming applications onto on-chip many-core systems},
 series = {CASES '12},
}
@inproceedings{Lee2010,
 author = {Lee, C. and Kim, H. and Park, H. and Kim, S. and Oh, H. and Ha, S.},
 title = {A task remapping technique for reliable multi-core embedded systems},
 series = {CODES/ISSS '10},
}
@inproceedings{Leveugle2004,
 author = {Leveugle, R. and Ammari, A.},
 title = {Early SEU Fault Injection in Digital, Analog and Mixed Signal Circuits: A Global Flow},
 series = {DATE '04},
}
@article{fernandez2012survey,
  title={Survey of NoC and programming models proposals for MPSoC},
  author={Fernandez-Alonso, Eduard and Castells-Rufas, David and Joven, Jaume and Carrabina, Jordi},
  journal={International Journal of Computer Science Issues},
  volume={9},
  number={2},
  pages={22--32},
  year={2012}
}

@article{vangal200880,
  title={An 80-tile sub-100-w teraflops processor in 65-nm cmos},
  author={Vangal, Sriram R and Howard, Jason and Ruhl, Gregory and Dighe, Saurabh and Wilson, Howard and Tschanz, James and Finan, David and Singh, Arvind and Jacob, Tiju and Jain, Shailendra and others},
  journal={Solid-State Circuits, IEEE Journal of},
  volume={43},
  number={1},
  pages={29--41},
  year={2008},
  publisher={IEEE}
}

@article{soteriou2007polaris,
  title={Polaris: a system-level roadmapping toolchain for on-chip interconnection networks},
  author={Soteriou, Vassos and Eisley, Noel and Wang, Hangsheng and Li, Bin and Peh, Li-Shiuan},
  journal={Very Large Scale Integration (VLSI) Systems, IEEE Transactions on},
  volume={15},
  number={8},
  pages={855--868},
  year={2007},
  publisher={IEEE}
}

@inproceedings{hosseinabady2007reliable,
  title={Reliable network-on-chip based on generalized de Bruijn graph},
  author={Hosseinabady, Mohammad and Kakoee, Mohammad Reza and Mathew, Jimson and Pradhan, Dhiraj K},
  booktitle={High Level Design Validation and Test Workshop, 2007. HLVDT 2007. IEEE International},
  pages={3--10},
  year={2007},
  organization={IEEE}
}

@inproceedings{stefanov2004system,
  title={System design using Khan process networks: the Compaan/Laura approach},
  author={Stefanov, Todor and Zissulescu, Claudiu and Turjan, Alexandru and Kienhuis, Bart and Deprette, Ed},
  booktitle={Design, Automation and Test in Europe Conference and Exhibition, 2004. Proceedings},
  volume={1},
  pages={340--345},
  year={2004},
  organization={IEEE}
}

@inproceedings{gilles1974semantics,
  title={The semantics of a simple language for parallel programming},
  author={Gilles, KAHN},
  booktitle={In Information Processing’74: Proceedings of the IFIP Congress},
  volume={74},
  pages={471--475},
  year={1974}
}

@inproceedings{hitchcock1982timing,
  title={Timing verification and the timing analysis program},
  author={Hitchcock Sr, Robert B},
  booktitle={Proceedings of the 19th Design Automation Conference},
  pages={594--604},
  year={1982},
  organization={IEEE Press}
}

@book{kiusalaas2010numerical,
  title={Numerical methods in engineering with MATLAB{\textregistered}},
  author={Kiusalaas, Jaan},
  year={2010},
  publisher={Cambridge university press}
}

@inproceedings{kahng2012accuracy,
  title={Accuracy-configurable adder for approximate arithmetic designs},
  author={Kahng, Andrew B and Kang, Seokhyeong},
  booktitle={Proceedings of the 49th Annual Design Automation Conference},
  pages={820--825},
  year={2012},
  organization={ACM}
}

@inproceedings{gupta2011impact,
  title={IMPACT: imprecise adders for low-power approximate computing},
  author={Gupta, Vaibhav and Mohapatra, Debabrata and Park, Sang Phill and Raghunathan, Anand and Roy, Kaushik},
  booktitle={Proceedings of the 17th IEEE/ACM international symposium on Low-power electronics and design},
  pages={409--414},
  year={2011},
  organization={IEEE Press}
}

@inproceedings{ernst2003razor,
  title={Razor: A low-power pipeline based on circuit-level timing speculation},
  author={Ernst, Dan and Kim, Nam Sung and Das, Shidhartha and Pant, Sanjay and Rao, Rajeev and Pham, Toan and Ziesler, Conrad and Blaauw, David and Austin, Todd and Flautner, Krisztian and others},
  booktitle={Microarchitecture, 2003. MICRO-36. Proceedings. 36th Annual IEEE/ACM International Symposium on},
  pages={7--18},
  year={2003},
  organization={IEEE}
}

@inproceedings{venkataramani2013quality,
  title={Quality programmable vector processors for approximate computing},
  author={Venkataramani, Swagath and Chippa, Vinay K and Chakradhar, Srimat T and Roy, Kaushik and Raghunathan, Anand},
  booktitle={Proceedings of the 46th Annual IEEE/ACM International Symposium on Microarchitecture},
  pages={1--12},
  year={2013},
  organization={ACM}
}

@inproceedings{esmaeilzadeh2012architecture,
  title={Architecture support for disciplined approximate programming},
  author={Esmaeilzadeh, Hadi and Sampson, Adrian and Ceze, Luis and Burger, Doug},
  booktitle={ACM SIGPLAN Notices},
  volume={47},
  number={4},
  pages={301--312},
  year={2012},
  organization={ACM}
}

@inproceedings{chippa2010scalable,
  title={Scalable effort hardware design: exploiting algorithmic resilience for energy efficiency},
  author={Chippa, Vinay K and Mohapatra, Debabrata and Raghunathan, Anand and Roy, Kaushik and Chakradhar, Srimat T},
  booktitle={Proceedings of the 47th Design Automation Conference},
  pages={555--560},
  year={2010},
  organization={ACM}
}

@inproceedings{venkatesan2011macaco,
  title={MACACO: Modeling and analysis of circuits for approximate computing},
  author={Venkatesan, Rangharajan and Agarwal, Amit and Roy, Kaushik and Raghunathan, Anand},
  booktitle={Proceedings of the International Conference on Computer-Aided Design},
  pages={667--673},
  year={2011},
  organization={IEEE Press}
}

@inproceedings{venkataramani2012salsa,
  title={SALSA: systematic logic synthesis of approximate circuits},
  author={Venkataramani, Swagath and Sabne, Amit and Kozhikkottu, Vivek and Roy, Kaushik and Raghunathan, Anand},
  booktitle={Proceedings of the 49th Annual Design Automation Conference},
  pages={796--801},
  year={2012},
  organization={ACM}
}

@article{lingamneni2013synthesizing,
  title={Synthesizing parsimonious inexact circuits through probabilistic design techniques},
  author={Lingamneni, Avinash and Enz, Christian and Palem, Krishna and Piguet, Christian},
  journal={ACM Transactions on Embedded Computing Systems (TECS)},
  volume={12},
  number={2s},
  pages={93},
  year={2013},
  publisher={ACM}
}

@inproceedings{chippa2013analysis,
  title={Analysis and characterization of inherent application resilience for approximate computing},
  author={Chippa, Vinay K and Chakradhar, Srimat T and Roy, Kaushik and Raghunathan, Anand},
  booktitle={Proceedings of the 50th Annual Design Automation Conference},
  year={2013},
  organization={ACM}
}

@inproceedings{lingamneni2012algorithmic,
  title={Algorithmic methodologies for ultra-efficient inexact architectures for sustaining technology scaling},
  author={Lingamneni, Avinash and Muntimadugu, Kirthi Krishna and Enz, Christian and Karp, Richard M and Palem, Krishna V and Piguet, Christian},
  booktitle={Proceedings of the 9th conference on Computing Frontiers},
  pages={3--12},
  year={2012},
  organization={ACM}
}

@inproceedings{sampson2011enerj,
  title={EnerJ: Approximate data types for safe and general low-power computation},
  author={Sampson, Adrian and Dietl, Werner and Fortuna, Emily and Gnanapragasam, Danushen and Ceze, Luis and Grossman, Dan},
  booktitle={ACM SIGPLAN Notices},
  volume={46},
  number={6},
  pages={164--174},
  year={2011},
  organization={ACM}
}

@inproceedings{chippa2011dynamic,
  title={Dynamic effort scaling: Managing the quality-efficiency tradeoff},
  author={Chippa, Vinay and Raghunathan, Anand and Roy, Kaushik and Chakradhar, Srimat},
  booktitle={Proceedings of the 48th Design Automation Conference},
  pages={603--608},
  year={2011},
  organization={ACM}
}

@inproceedings{roth2012data,
  title={Data mapping for unreliable memories},
  author={Roth, Christian and Benkeser, Christian and Studer, Christoph and Karakonstantis, Georgios and Burg, Andreas},
  booktitle={Communication, Control, and Computing (Allerton), 2012 50th Annual Allerton Conference on},
  pages={679--685},
  year={2012},
  organization={IEEE}
}



